1628 2890
286 127 845 176 HISTORIARUM
885 130 1014 176 LIB.
1053 130 1241 178 XXVI.
1317 146 1435 196 323.

128 255 201 287 me
229 237 450 301 pedestres
478 253 635 283 omnes
666 236 812 299 copiae
841 237 1071 284 evaserant
1097 255 1121 285 e
1145 238 1283 286 saltu:
1306 256 1411 287 cum

126 312 270 376 prima
289 311 396 357 luce*
415 310 547 356 densa
570 309 731 356 nebula
756 309 915 356 saltum
937 328 1120 358 omnem
1140 313 1412 376 camposque

127 385 247 432 circa
271 383 444 429 intexit.
477 383 604 445 quod
631 383 709 428 ubi
738 382 867 429 sensit
897 383 1172 442 Hasdrubal,
1194 386 1332 432 mittit
1358 387 1414 433 ad

127 458 382 512 Neronem,
402 455 480 518 qui
497 454 544 500 in
561 454 790 517 posterum
814 455 931 501 diem
954 456 1236 520 colloquium
1257 459 1415 506 differ-

127 541 209 576 ret.
256 529 383 574 illum
421 528 539 574 diem
578 527 834 590 religiosum
874 531 1319 595 Carthaginiensibus
1357 535 1414 582 ad

127 602 345 664 agendum
378 601 625 664 quidquam
647 601 712 646 rei
741 601 861 648 seriae
887 602 984 649 effe.
1014 605 1084 650 Ne
1105 617 1200 651 tum
1229 607 1414 669 quidem

127 673 320 737 suspeEIa
347 673 474 720 fraus.
506 690 610 720 cum
638 674 738 720 data
768 675 872 721 effet
902 676 1034 722 venia
1065 676 1160 738 ejus
1188 680 1302 738 diei,
1329 697 1413 726 ex-

126 749 301 812 templo
326 748 596 805 Hasdrubal,
623 764 723 794 cum
753 748 956 811 equitatu
985 751 1316 817 elephantisque
1335 767 1416 802 ca-'

129 821 227 870 stris
255 821 474 883 egressus,
506 820 595 866 fine
632 819 728 865 ullo
767 822 964 868 tumultu
999 823 1046 869 in
1076 836 1223 872 tutum
1257 828 1414 876 evasit.

129 895 257 942 Hora
272 893 410 940 ferme
428 903 580 955 quarta
597 890 783 953 dispulsa
798 891 891 939 sole
910 895 1071 942 nebula
1085 899 1258 958 aperuit
1275 899 1414 956 diem,

52 1014 59 1025 x
130 983 365 1030 vacuaque
410 965 606 1012 hostium
651 964 789 1012 castra
829 967 1161 1029 conspexerunt
1202 972 1417 1019 Romani.

129 1042 248 1088 Tum
265 1040 443 1085 demum
457 1036 695 1092 Claudius,
711 1038 922 1085 Punicam
936 1039 1133 1087 fraudem
1149 1043 1415 1104 agnoscens,

129 1124 179 1159 ut
198 1111 239 1158 se
262 1111 373 1157 dolo
403 1121 583 1171 captum
609 1108 763 1165 senfit,
786 1109 1145 1173 proficiscentem
1166 1114 1323 1161 institit
1344 1115 1416 1161 se-

129 1185 211 1249 qui
225 1220 240 1242 ,
272 1195 446 1246 paratus
471 1181 715 1245 confligere
740 1183 864 1230 acie:
892 1183 964 1231 sed
987 1184 1124 1233 hostis
1145 1188 1415 1234 detref'cabat
1436 1182 1441 1185 ”

127 1273 348 1320 pugnam,
369 1253 488 1301 levia
509 1265 658 1300 tamen
680 1254 841 1316 proelia
868 1255 985 1302 inter
1005 1270 1253 1306 extremum
1272 1260 1416 1307 Puni-

128 1348 233 1380 cum
252 1335 412 1392 agmen
433 1325 817 1389 praecursoresque
838 1329 1149 1379 Romanorum
1167 1331 1346 1381 fiebant.

194 1402 363 1448 XVIII.
383 1401 503 1444 Inter
530 1398 626 1443 haec
649 1397 872 1460 Hispaniae
898 1401 1085 1463 populi,
1108 1420 1193 1451 nec
1214 1404 1294 1467 qui
1314 1405 1415 1467 post

126 1476 298 1525 cladem
317 1486 545 1535 acceptam
564 1470 843 1531 defecerant,
858 1475 1061 1523 redibant
1076 1478 1131 1524 ad
1149 1479 1414 1538 Romanos,

128 1567 214 1598 nec
243 1549 325 1596 ulli
349 1547 461 1595 novi
489 1544 765 1592 deficiebant.
799 1549 853 1593 Et
883 1549 1045 1596 Romae
1067 1550 1236 1598 senatui
1259 1570 1412 1616 popu-—

127 1622 291 1687 loque,
310 1621 411 1685 post
430 1631 652 1683 receptam
675 1619 878 1682 Capuam
894 1659 908 1679 ,
928 1639 1023 1669 non
1051 1624 1187 1671 Italiae
1205 1625 1293 1688 jam
1314 1644 1410 1673 ma-

126 1698 231 1763 jor,
251 1714 384 1760 quam
415 1694 664 1755 Hispaniae,
688 1710 792 1740 cura
820 1708 944 1742 erat:
971 1698 1021 1743 &
1054 1700 1300 1746 exercitum
1330 1719 1412 1747 au-

129 1772 250 1836 geri,
280 1771 330 1817 &
363 1769 677 1830 imperatorem
712 1767 829 1812 mitti
864 1767 1078 1829 placebat.
1117 1786 1200 1817 nec
1231 1783 1413 1831 tamen,

128 1863 266 1910 quem
298 1843 553 1899 mitterent,
584 1840 682 1886 satis
718 1839 976 1897 constabat3
1009 1858 1141 1904 quam
1164 1842 1303 1902 illud,
1335 1845 1415 1892 ubi

131 1919 224 1966 duo
257 1917 412 1965 summi
435 1915 727 1978 imperatores
756 1914 871 1960 intra
901 1915 992 1961 dies
1015 1916 1195 1979 triginta
1229 1918 1414 1966 cecidis-

131 1992 250 2049 sent,
277 1989 357 2054 qui
386 1989 436 2036 in
474 1986 628 2035 lo'cum
662 1987 855 2032 duorum
889 1987 1172 2046 succederet,
1206 2003 1416 2038 extraor-

130 2063 304 2111 dinaria
331 2079 437 2110 cura
465 2061 746 2123 deligendum
772 2059 870 2107 effe.
904 2062 1024 2107 Cum
1052 2062 1126 2108 alii
1153 2063 1290 2110 alium
1323 2082 1415 2112 no-

132 2137 383 2194 minarent,
400 2133 671 2197 postremum
703 2149 759 2178 eo
787 2132 1019 2179 decursum
1037 2133 1122 2190 est,
1142 2148 1192 2181 ut
1219 2139 1418 2200 populus

102 2225 105 2227 ·
134 2207 401 2273 proconsuli
421 2208 614 2255 creando
643 2207 689 2253 in
714 2205 966 2269 Hispaniam
998 2207 1180 2255 comitia
1209 2208 1414 2259 haberet:

134 2282 341 2344 diemque
360 2279 780 2338 comitiis-consules
801 2278 1050 2325 edixerunt.
1083 2279 1235 2325 Primo
1255 2282 1416 2344 exspe-

126 2356 392 2412 flaverant,
417 2365 465 2400 ut
481 2390 494 2412 ‚
522 2354 600 2418 qui
630 2352 671 2399 se
699 2362 834 2405 tanto)
858 2352 1048 2414 imperio
1081 2352 1240 2415 dignos
1264 2356 1415 2401 crede-

137 2437 262 2486 rent,
293 2425 478 2475 nomina
507 2423 842 2490 profiterentur.
883 2441 982 2488 quae
1015 2437 1063 2470 ut
1098 2424 1302 2473 destituta
1329 2444 1413 2486 exss

1050 2497 1096 2543 X
1132 2513 1156 2543 2
