1628 2890
204 125 752 174 HtsTORIARUM
786 127 920 174 LIB.
956 127 1198 176 XXVII.
1266 144 1356 194 415

74 233 235 281 lentini
265 233 506 297 provinCIa
538 231 765 280 eveniffet.
803 234 978 280 Ceterae
1015 234 1266 297 provinciae
1298 236 1361 283 ita

0 297 4 301 ‚
75 305 232 352 divisae
262 305 546 368 praetoribus.
574 306 620 351 P.
640 305 817 351 Licinio
839 309 965 352 Varo
989 307 1156 354 urbana
1172 343 1185 366 ,
1219 310 1266 356 P.
1287 307 1362 354 Li-

76 379 201 426 cinio
235 379 392 426 Craffo
422 377 629 441 pontifici
661 378 862 426 maximo
899 381 1129 444 peregrina
1151 418 1165 441 ‚
1196 383 1246 430 &
1265 398 1362 446 quo

74 450 249 497 senatus
288 451 548 507 censuiss'et'3
582 453 682 498 Sex.
719 451 839 498 Julio
876 452 1039 500 Caesari
1073 454 1258 513 Sicilia,
1297 457 1360 514 Q.

75 525 273 571 Claudio
300 525 764 572 FlaminiTarentum.
793 527 1093 591 Prorogatum
1119 528 1360 592 imperium

74 596 126 644 in
154 614 320 643 annum
339 596 401 643 est
422 598 483 656 Q.
500 596 664 643 Fulvio
685 598 870 654 Flacco,
897 611 947 645 ut
965 600 1253 661 provinciam
1272 603 1361 649 Ca·

74 687 210 734 puam
227 707 240 729 ‚
270 687 371 733 qua?
393 670 448 716 T.
469 669 672 729 Quinffii
705 671 914 732 praetoris
939 671 1110 732 fuerat,
1139 691 1242 722 cum
1270 692 1362 722 una

74 743 256 808 legione
287 744 526 792 obtineret.
559 758 856 807 prorogatum
886 746 936 793 &
959 747 1013 794 C.
1034 747 1231 794 Hostilio
1266 749 1360 794 Tu·

71 818 187 866 >bulo
223 819 285 866 est
305 855 319 878 9
349 830 400 865 ut
429 835 513 882 pro
535 831 728 882 praetore
762 819 809 865 in
828 821 1052 868 Etruriam
1082 822 1139 869 ad
1165 823 1272 870 duas
1292 824 1359 872 le-

74 891 236 955 giones
276 892 530 939 succederet
561 893 615 939 C.
651 891 903 956 Calpurnio
930 912 940 941 :
978 907 1276 958 prorogatum
1309 899 1361 945 ὃ(

75 963 127 1009 L.
139 964 329 1010 Veturio
350 963 532 1010 Philoni
551 963 636 1022 est,
656 974 706 1009 ut
724 981 810 1026 pro
831 977 1026 1028 praetore
1044 966 1235 1013 Galliam
1255 984 1362 1014 ean-

73 1038 175 1084 dem
195 1037 481 1101 provinciam
509 1054 612 1085 cum
632 1036 784 1083 iisdem
804 1038 973 1085 duabus
1000 1039 1252 1102 legionibus
1275 1042 1360 1086 ob-

10 1113 14 1115 ’
74 1109 238 1158 tineret
252 1147 267 1166 ‚
292 1109 454 1171 quibus
473 1120 643 1171 praetor
663 1108 939 1158 obtinuisset.
976 1110 1120 1170 Quod
1136 1110 1182 1156 in
1202 1114 1250 1158 L.
1271 1115 1358 1159 Ve-

74 1179 227 1239 turio,
253 1180 370 1226 idern
391 1181 438 1227 in
458 1183 511 1228 C.
532 1181 809 1242 Arunculej0
839 1181 1067 1230 decretum
1097 1184 1154 1230 ab
1180 1183 1360 1245 senatu,
1435 1190 1439 1194 ‘

0 1281 1 1284 =
69 1253 305 1318 ‚latumque
328 1255 382 1300 de
402 1254 694 1318 prorogando
724 1254 919 1318 imperio
944 1256 1000 1303 ad
1021 1257 1241 1321 populum
1271 1260 1359 1320 est,

73 1329 156 1391 qui
185 1341 354 1391 praetor
372 1328 618 1375 Sardiniam
644 1329 933 1392 provinciam
959 1347 1063 1378 cum
1093 1332 1262 1381 duabus
1291 1334 1359 1380 le-

73 1402 286 1465 gionibus
316 1401 587 1447 obtinuerat.
619 1401 780 1448 additae
812 1402 853 1449 ei
882 1402 936 1449 ad
967 1404 1218 1465 praesidium
1245 1423 1358 1469 pro-s

72 1474 241 1522 vinciae
266 1473 590 1537 quinquaginta
608 1491 745 1522 naves
764 1511 778 1533 ‚
809 1491 917 1538 quas
950 1476 995 1521 P.
1016 1476 1170 1538 Scipio
1199 1495 1254 1525 ex
1274 1480 1359 1526 H}-

73 1546 226 1609 spania
260 1546 449 1594 misisset.
484 1548 540 1592 Et
570 1548 618 1593 P.
647 1546 882 1609 Scipioni,
917 1549 967 1595 &
998 1550 1062 1595 Μ.
1089 1549 1239 1597 Silano
1270 1551 1357 1598 suae

73 1619 300 1682 Hispaniae
317 1655 331 1677 ‚
353 1619 504 1683 suique
533 1619 753 1668 exercitus
783 1621 832 1667 in
854 1638 1023 1669 annum
1043 1622 1225 1671 decreti.
1259 1627 1357 1672 Sci-

69 1694 154 1757 pio
185 1711 242 1740 εκ
270 1694 500 1758 octoginta
530 1695 745 1755 navibus,
778 1712 889 1759 quas
914 1709 990 1743 aut
1018 1696 1164 1746 secum
1193 1715 1248 1745 ex
1268 1703 1357 1747 lta—

71 1766 134 1812 lia
165 1766 370 1813 adducias
394 1779 470 1812 aut
496 1783 644 1830 captas
668 1769 940 1833 Carthagine
972 1770 1186 1830 habebat,
1220 1773 1356 1835 quin-

72 1839 283 1902 quaginta
314 1840 359 1887 in
378 1841 625 1887 Sardiniam
645 1841 939 1890 transmittere
966 1843 1128 1905 jussus:
1159 1846 1262 1908 quia
1292 1845 1355 1892 fa-

67 1928 145 1958 ‘ma
161 1924 274 1972 erat,
291 1930 499 1977 magnum
527 1915 729 1962 navalem
751 1928 1012 1978 apparatum
1033 1933 1089 1963 eo
1108 1933 1231 1963 anno
1244 1919 1354 1964 Car·

71 1986 256 2049 thagine
274 1988 383 2043 effe3
406 1988 609 2035 ducentis
628 1988 824 2037 navibus
843 2005 1026 2035 omnem
1049 2006 1177 2036 oram
1196 1991 1353 2048 Italiae,

72 2057 356 2117 Siciliaeque,
389 2077 440 2106 ac
474 2059 689 2106 Sardiniae
723 2060 1002 2123 impleturos.
1040 2065 1096 2108 Et
1127 2063 1173 2108 in
1203 2063 1353 2110 Sicilia

72 2130 134 2176 ita
159 2131 304 2178 divisa
332 2148 401 2178 res
426 2132 501 2179 est.
534 2133 634 2179 Sex.
662 2133 827 2179 Caesari
852 2135 1075 2180 exercitus
1104 2135 1358 2184 Cannenfisv

70 2202 136 2248 est
168 2203 310 2251 datus.
350 2207 413 2251 M.
445 2205 644 2252 Valerius
678 2205 890 2252 Laevinus
920 2206 991 2270 (ei
1024 2223 1206 2271 quoque
1231 2209 1351 2255 enim

70 2288 368 2339 prorogatum
392 2276 630 2338 imperium
658 2275 754 2341 est)
790 2278 994 2335 classem,
1024 2296 1125 2341 quae
1155 2280 1207 2326 ad
1235 2280 1348 2327 Sici-

71 2347 178 2393 liam
206 2360 328 2408 erat,
357 2351 540 2396 navium
574 2350 849 2413 septuaginta
880 2351 1119 2399 obtineret.
1155 2353 1349 2399 Adderet

70 2434 128 2467 eo
154 2420 336 2485 triginta
366 2439 527 2487 naves,
554 2441 653 2489 quae
683 2424 739 2474 ad
764 2427 1012 2484 Tarentum
1043 2425 1199 2491 priore
1226 2440 1348 2472 anno
