1628 2890
213 150 310 207 '450
576 138 1142 190 T1T1L1v11

212 250 347 313 nigne
380 246 531 294 omnia
562 246 785 295 cumulata
814 248 931 296 dare.
962 249 1189 298 Modestia
1220 262 1390 300 certare
1419 253 1507 302 mi-

212 315 337 380 lites,
370 339 426 369 ne
464 321 571 385 quid
611 322 728 369 ultra
761 323 890 370 usum
922 324 1212 373 neceffarium
1249 327 1506 378 sumerent:

211 396 328 444 nihil
357 395 554 453 morari,
575 412 658 442 nec
687 396 744 443 ab
769 396 901 461 signis
924 396 1129 446 absistere
1150 398 1300 447 cibum
1321 403 1504 465 capien—

210 482 276 516 tes
299 487 309 515 ε
330 469 445 514 diem
469 485 522 516 ac
548 470 727 516 nociem
753 469 818 517 ire
843 487 855 516 ἐ
877 470 988 529 vix,
1013 470 1138 534 quod
1165 471 1264 518 satis
1291 474 1346 519 ad
1371 488 1505 522 natu-

209 542 301 590 rale
332 540 599 588 desiderium
631 556 879 604 corporum
907 541 1035 601 effer,
1064 542 1202 605 quieti
1223 543 1337 591 dare.
1362 548 1418 592 Et
1446 546 1502 594 ad

208 613 428 677 collegam
450 613 659 676 praemiffi
676 625 826 670 erant,
846 614 925 677 qui
945 615 1206 661 nuntiarent
1224 616 1469 664 adventum
1483 649 1499 672 ‚

206 697 701 751 percontarenturque,
742 685 856 733 clam
897 703 952 732 an
993 685 1168 749 palam,
1204 686 1399 734 interdiu
1441 708 1498 737 an

208 760 348 807 noGu
366 796 379 819 ,
406 759 563 808 venire
582 758 666 805 sese
687 758 853 815 vellet,
873 758 1028 805 iisdem
1052 777 1108 806 an
1140 759 1236 807 aliis
1267 760 1498 809 confidere

208 833 370 880 castris.
403 832 548 878 Noere
577 831 692 878 clam
721 830 897 895 ingredi
922 831 1081 878 melius
1110 831 1257 879 visum
1290 832 1366 880 est.

271 908 438 953 XLVI.
473 905 652 952 Teffera
680 922 760 967 per
782 904 920 951 castra
944 904 1000 950 ab
1029 904 1163 952 Livio
1192 905 1374 953 consule
1396 906 1498 954 data

204 993 321 1037 erat,
340 990 391 1024 ut
408 977 641 1024 tribunum
666 976 898 1035 tribunus,
925 976 1132 1023 centurio
1155 978 1496 1038 centurionem,

203 1069 340 1116 eques
381 1051 608 1115 equitem,
643 1050 778 1112 pedes
821 1050 1015 1112 peditem
1062 1051 1300 1112 acciperet.
1343 1066 1495 1115 neque

203 1128 325 1174 enim
353 1126 525 1174 dilatari
547 1124 684 1172 castra
711 1141 828 1186 opus
858 1123 941 1169 ess'e
956 1159 971 1180 ,
1002 1140 1058 1170 ne
1083 1123 1224 1171 hostis
1243 1124 1493 1173 adventum

202 1199 384 1246 alterius
409 1197 607 1245 consulis
628 1195 839 1243 sentiret:
864 1196 914 1242 &
942 1195 1185 1242 coar&ati0
1217 1196 1411 1259 plurium
1440 1199 1492 1246 in

201 1272 389 1336 angusto
409 1271 685 1318 tendentium
707 1269 881 1317 facilior
900 1268 1049 1316 futura
1069 1281 1184 1328 erat,
1200 1271 1327 1334 quod
1349 1271 1490 1318 Clau-

200 1346 361 1392 dianus
389 1344 614 1391 ex‘ercitus
642 1343 757 1390 nihil
785 1342 953 1400 ferme,
971 1354 1131 1405 praeter
1158 1358 1308 1400 arma,
1338 1342 1490 1392 secum
1543 1349 1546 1356 '

198 1420 247 1467 in
281 1418 618 1481 expeditionem
653 1417 831 1465 tulerat.
870 1418 1086 1464 Ceterum
1122 1415 1168 1463 in
1198 1416 1294 1479 ipso
1325 1416 1488 1465 itinere
1559 1455 1561 1457 -

198 1493 375 1540 anetum
413 1490 685 1539 voluntariis
715 1507 874 1554 agmen
913 1502 1036 1546 erat3
1071 1488 1364 1536 offerentibus
1398 1490 1485 1538 sese

197 1565 319 1611 ultro
342 1565 392 1610 δε
420 1561 646 1609 veteribus
668 1561 886 1608 militibus
908 1561 1149 1625 perfunctis
1177 1561 1265 1623 jam
1295 1562 1483 1621 militia,

195 1638 248 1684 &
284 1634 558 1697 juvenibus,
597 1651 712 1698 quos
752 1634 953 1682 certatim
999 1634 1185 1681 nomina
1225 1635 1407 1693 dantes,
1448 1635 1481 1682 fi

193 1725 389 1769 quorum
424 1706 633 1770 corporis
666 1706 830 1770 species
866 1706 1095 1770 roburque
1130 1706 1295 1755 virium
1325 1719 1481 1769 aptum

193 1779 366 1827 militiae
392 1779 658 1837 videbatur,
689 1778 1021 1842 conscripserat.
1053 1781 1122 1827 Ad
1150 1781 1308 1826 Senam
1338 1779 1480 1827 castra

192 1854 372 1901 alterius
406 1854 601 1902 consulis
632 1867 787 1901 erant:
824 1856 874 1901 &
904 1854 1175 1918 quingentos
1206 1852 1311 1899 inde
1336 1852 1477 1900 ferme

187 1929 328 1991 passus
348 1929 593 1975 Hasdrubal
621 1929 785 1977 aberat.
818 1932 972 1992 ltaque
991 1945 1092 1974 cum
1116 1926 1202 1988 jam
1220 1925 1476 1989 appropinss

188 2012 345 2062 quaret
359 2035 373 2059 ,
391 2001 529 2046 tectus
548 2000 779 2047 montibus
806 1999 994 2046 substitit
1017 2000 1142 2045 Nero
1156 2035 1170 2057 ,
1189 2015 1244 2044 ne
1265 2010 1367 2045 ante
1385 2015 1475 2044 no-

185 2072 301 2119 &em
337 2072 472 2120 castra
500 2073 819 2137 ingrederetur.
853 2072 1040 2118 Silentio
1074 2071 1277 2135 ingreffi‚
1315 2072 1371 2118 ab
1405 2070 1473 2119 sui

183 2145 375 2210 quisque
419 2148 592 2194 ordinis
638 2147 899 2194 hominibus
941 2147 988 2192 in
1025 2145 1221 2193 tentoria
1264 2145 1471 2205 abducti,

183 2234 288 2264 cum
316 2219 485 2266 summa
513 2219 721 2266 omnium
749 2219 899 2266 laetitia
929 2218 1205 2282 hospitaliter
1228 2219 1471 2282 excipiun-

181 2304 268 2339 tur.
303 2293 488 2340 Postero
508 2295 578 2340 die
611 2295 846 2341 confilium
871 2294 1070 2341 habitum
1087 2330 1100 2353 ‚
1120 2283 1194 2342 cui
1215 2296 1264 2341 &
1286 2296 1334 2340 L.
1354 2294 1469 2340 Por-

181 2365 277 2411 cius
306 2366 488 2412 Licinus
512 2377 681 2429 praetor
703 2366 844 2414 affuit.
873 2367 1027 2414 Castra
1048 2366 1196 2428 juncta
1224 2364 1464 2413 consulum

179 2437 327 2489 castris
345 2439 563 2489 habebat:
591 2442 640 2491 &
661 2453 762 2490 ante
784 2441 1024 2493 adventum
1047 2457 1233 2499 eorum,
1256 2456 1336 2505 per
1356 2439 1463 2490 loca
