<?xml version="1.0" encoding="UTF-8"?>
<!DOCTYPE html PUBLIC "-//W3C//DTD XHTML 1.0 Transitional//EN"
    "http://www.w3.org/TR/xhtml1/DTD/xhtml1-transitional.dtd">
<html xmlns="http://www.w3.org/1999/xhtml" xml:lang="en" lang="en">
 <head>
  <title>
</title>
<meta http-equiv="Content-Type" content="text/html;charset=utf-8" />
  <meta name='ocr-system' content='tesseract 3.04.00' />
  <meta name='ocr-capabilities' content='ocr_page ocr_carea ocr_par ocr_line ocrx_word'/>
</head>
<body>
  <div class='ocr_page' id='page_1' title='image "./historiarumlibri04livyuoft_0147.png"; bbox 0 0 1628 2890; ppageno 0'>
   <div class='ocr_carea' id='block_1_1' title="bbox 220 160 1364 222">
    <p class='ocr_par' dir='ltr' id='par_1_1' title="bbox 220 160 1364 222">
     <span class='ocr_line' id='line_1_1' title="bbox 220 160 1364 222; baseline -0.006 -11"><span class='ocrx_word' id='word_1_1' title='bbox 220 160 772 210; x_wconf 77' lang='lat' dir='ltr'>HISTORIARUM</span> <span class='ocrx_word' id='word_1_2' title='bbox 806 161 934 206; x_wconf 68' lang='grc' dir='ltr'><strong>ΜΒ.</strong></span> <span class='ocrx_word' id='word_1_3' title='bbox 972 160 1184 206; x_wconf 73' lang='lat' dir='ltr'><strong>xxiii.</strong></span> <span class='ocrx_word' id='word_1_4' title='bbox 1278 175 1364 222; x_wconf 75' lang='lat'><strong>139</strong></span> 
     </span>
    </p>
   </div>
   <div class='ocr_carea' id='block_1_2' title="bbox 71 264 1370 2530">
    <p class='ocr_par' dir='ltr' id='par_1_2' title="bbox 71 264 1369 984">
     <span class='ocr_line' id='line_1_2' title="bbox 71 264 1366 334; baseline -0.005 -17"><span class='ocrx_word' id='word_1_5' title='bbox 71 286 134 334; x_wconf 79' lang='lat' dir='ltr'><strong>go</strong></span> <span class='ocrx_word' id='word_1_6' title='bbox 164 284 423 332; x_wconf 87' lang='lat' dir='ltr'><strong>cognomen</strong></span> <span class='ocrx_word' id='word_1_7' title='bbox 447 278 568 326; x_wconf 85' lang='lat' dir='ltr'><strong>erat,</strong></span> <span class='ocrx_word' id='word_1_8' title='bbox 601 284 703 314; x_wconf 85' lang='lat' dir='ltr'><strong>cum</strong></span> <span class='ocrx_word' id='word_1_9' title='bbox 724 269 954 314; x_wconf 80' lang='lat' dir='ltr'>Hannone</span> <span class='ocrx_word' id='word_1_10' title='bbox 974 268 1124 313; x_wconf 84' lang='lat' dir='ltr'><strong>Poeno</strong></span> <span class='ocrx_word' id='word_1_11' title='bbox 1152 264 1366 329; x_wconf 79' lang='lat' dir='ltr'><strong>prospere</strong></span> 
     </span>
     <span class='ocr_line' id='line_1_3' title="bbox 72 336 1365 406; baseline -0.006 -18"><span class='ocrx_word' id='word_1_12' title='bbox 72 352 258 406; x_wconf 81' lang='lat' dir='ltr'>pugnat.</span> <span class='ocrx_word' id='word_1_13' title='bbox 292 341 431 402; x_wconf 88' lang='lat' dir='ltr'><strong>Supra</strong></span> <span class='ocrx_word' id='word_1_14' title='bbox 461 338 551 384; x_wconf 89' lang='lat' dir='ltr'><strong>duo</strong></span> <span class='ocrx_word' id='word_1_15' title='bbox 575 337 716 384; x_wconf 83' lang='lat' dir='ltr'><strong>millia</strong></span> <span class='ocrx_word' id='word_1_16' title='bbox 743 337 937 384; x_wconf 78' lang='lat' dir='ltr'><strong>hostium</strong></span> <span class='ocrx_word' id='word_1_17' title='bbox 965 336 1165 394; x_wconf 84' lang='lat' dir='ltr'><strong>occidit,</strong></span> <span class='ocrx_word' id='word_1_18' title='bbox 1199 337 1251 383; x_wconf 86' lang='lat'>&amp;</span> <span class='ocrx_word' id='word_1_19' title='bbox 1280 336 1365 381; x_wconf 88' lang='lat' dir='ltr'><strong>du-</strong></span> 
     </span>
     <span class='ocr_line' id='line_1_4' title="bbox 72 408 1368 475; baseline -0.005 -14"><span class='ocrx_word' id='word_1_20' title='bbox 72 427 234 462; x_wconf 85' lang='lat' dir='ltr'><strong>centos</strong></span> <span class='ocrx_word' id='word_1_21' title='bbox 264 411 497 475; x_wconf 62' lang='lat' dir='ltr'><strong>030ginta</strong></span> <span class='ocrx_word' id='word_1_22' title='bbox 526 410 690 458; x_wconf 79' lang='lat' dir='ltr'><strong>milites</strong></span> <span class='ocrx_word' id='word_1_23' title='bbox 718 408 885 455; x_wconf 74' lang='lat' dir='ltr'><strong>amisit:</strong></span> <span class='ocrx_word' id='word_1_24' title='bbox 927 408 1046 472; x_wconf 81' lang='lat' dir='ltr'><strong>signa</strong></span> <span class='ocrx_word' id='word_1_25' title='bbox 1074 408 1279 456; x_wconf 84' lang='lat' dir='ltr'><strong>militaria</strong></span> <span class='ocrx_word' id='word_1_26' title='bbox 1311 409 1368 454; x_wconf 84' lang='lat' dir='ltr'><strong>ad</strong></span> 
     </span>
     <span class='ocr_line' id='line_1_5' title="bbox 73 480 1368 551; baseline -0.006 -17"><span class='ocrx_word' id='word_1_27' title='bbox 73 486 367 551; x_wconf 81' lang='lat' dir='ltr'><strong>quadraginta</strong></span> <span class='ocrx_word' id='word_1_28' title='bbox 381 501 523 531; x_wconf 90' lang='lat' dir='ltr'><strong>unum</strong></span> <span class='ocrx_word' id='word_1_29' title='bbox 541 483 676 547; x_wconf 85' lang='lat' dir='ltr'><strong>cepit.</strong></span> <span class='ocrx_word' id='word_1_30' title='bbox 695 481 848 529; x_wconf 84' lang='lat' dir='ltr'><strong>Pulsus</strong></span> <span class='ocrx_word' id='word_1_31' title='bbox 863 480 1025 528; x_wconf 81' lang='lat' dir='ltr'><strong>finibus</strong></span> <span class='ocrx_word' id='word_1_32' title='bbox 1041 483 1232 529; x_wconf 89' lang='lat' dir='ltr'><strong>Lucanis</strong></span> <span class='ocrx_word' id='word_1_33' title='bbox 1245 483 1368 528; x_wconf 90' lang='lat' dir='ltr'><strong>Han-</strong></span> 
     </span>
     <span class='ocr_line' id='line_1_6' title="bbox 71 553 1367 618; baseline -0.005 -12"><span class='ocrx_word' id='word_1_34' title='bbox 71 576 137 606; x_wconf 90' lang='lat' dir='ltr'><strong>no</strong></span> <span class='ocrx_word' id='word_1_35' title='bbox 170 571 293 607; x_wconf 90' lang='lat' dir='ltr'><strong>retro</strong></span> <span class='ocrx_word' id='word_1_36' title='bbox 319 559 367 605; x_wconf 89' lang='lat' dir='ltr'><strong>in</strong></span> <span class='ocrx_word' id='word_1_37' title='bbox 396 556 597 605; x_wconf 87' lang='lat' dir='ltr'><strong>Bruttios</strong></span> <span class='ocrx_word' id='word_1_38' title='bbox 629 554 717 602; x_wconf 86' lang='lat' dir='ltr'><strong>sese</strong></span> <span class='ocrx_word' id='word_1_39' title='bbox 754 554 940 617; x_wconf 85' lang='lat' dir='ltr'><strong>recepit.</strong></span> <span class='ocrx_word' id='word_1_40' title='bbox 980 557 1036 601; x_wconf 86' lang='lat' dir='ltr'><strong>Et</strong></span> <span class='ocrx_word' id='word_1_41' title='bbox 1070 571 1127 602; x_wconf 77' lang='lat' dir='ltr'><strong>ex</strong></span> <span class='ocrx_word' id='word_1_42' title='bbox 1162 553 1367 618; x_wconf 82' lang='lat' dir='ltr'><strong>Hirpinis</strong></span> 
     </span>
     <span class='ocr_line' id='line_1_7' title="bbox 72 627 1367 697; baseline -0.005 -17"><span class='ocrx_word' id='word_1_43' title='bbox 72 633 243 697; x_wconf 84' lang='lat' dir='ltr'><strong>oppida</strong></span> <span class='ocrx_word' id='word_1_44' title='bbox 274 632 391 692; x_wconf 86' lang='lat' dir='ltr'><strong>tria,</strong></span> <span class='ocrx_word' id='word_1_45' title='bbox 426 649 527 697; x_wconf 85' lang='lat' dir='ltr'><strong>quae</strong></span> <span class='ocrx_word' id='word_1_46' title='bbox 556 648 579 677; x_wconf 83' lang='lat' dir='ltr'><strong>a</strong></span> <span class='ocrx_word' id='word_1_47' title='bbox 613 628 790 692; x_wconf 87' lang='lat' dir='ltr'><strong>populo</strong></span> <span class='ocrx_word' id='word_1_48' title='bbox 824 629 1038 675; x_wconf 85' lang='lat' dir='ltr'><strong>Romano</strong></span> <span class='ocrx_word' id='word_1_49' title='bbox 1075 627 1367 686; x_wconf 80' lang='lat' dir='ltr'><strong>defecerant,</strong></span> 
     </span>
     <span class='ocr_line' id='line_1_8' title="bbox 73 702 1367 772; baseline -0.008 -15"><span class='ocrx_word' id='word_1_50' title='bbox 73 709 124 758; x_wconf 87' lang='lat' dir='ltr'><strong>vi</strong></span> <span class='ocrx_word' id='word_1_51' title='bbox 153 721 334 772; x_wconf 84' lang='lat' dir='ltr'><strong>recepta</strong></span> <span class='ocrx_word' id='word_1_52' title='bbox 365 723 445 771; x_wconf 90' lang='lat' dir='ltr'><strong>per</strong></span> <span class='ocrx_word' id='word_1_53' title='bbox 471 707 538 752; x_wconf 92' lang='lat' dir='ltr'><strong>M.</strong></span> <span class='ocrx_word' id='word_1_54' title='bbox 557 703 790 751; x_wconf 86' lang='lat' dir='ltr'><strong>Valerium</strong></span> <span class='ocrx_word' id='word_1_55' title='bbox 820 713 1080 765; x_wconf 78' lang='lat' dir='ltr'><strong>praetorem.</strong></span> <span class='ocrx_word' id='word_1_56' title='bbox 1117 702 1367 749; x_wconf 84' lang='lat' dir='ltr'><strong>Vercellius</strong></span> 
     </span>
     <span class='ocr_line' id='line_1_9' title="bbox 74 774 1367 846; baseline -0.006 -17"><span class='ocrx_word' id='word_1_57' title='bbox 74 782 374 846; x_wconf 85' lang='lat' dir='ltr'><strong>Siciliusque‚</strong></span> <span class='ocrx_word' id='word_1_58' title='bbox 407 780 614 827; x_wconf 62' lang='lat' dir='ltr'><strong>auctores</strong></span> <span class='ocrx_word' id='word_1_59' title='bbox 649 775 915 823; x_wconf 63' lang='lat' dir='ltr'><strong>defectionis</strong></span> <span class='ocrx_word' id='word_1_60' title='bbox 934 812 949 833; x_wconf 92' lang='lat'>,</span> <span class='ocrx_word' id='word_1_61' title='bbox 984 774 1129 821; x_wconf 84' lang='lat' dir='ltr'><strong>securi</strong></span> <span class='ocrx_word' id='word_1_62' title='bbox 1160 776 1367 838; x_wconf 83' lang='lat' dir='ltr'><strong>percuffi.</strong></span> 
     </span>
     <span class='ocr_line' id='line_1_10' title="bbox 75 849 1369 920; baseline -0.007 -16"><span class='ocrx_word' id='word_1_63' title='bbox 75 856 209 920; x_wconf 86' lang='lat' dir='ltr'><strong>supra</strong></span> <span class='ocrx_word' id='word_1_64' title='bbox 234 856 358 903; x_wconf 83' lang='lat' dir='ltr'><strong>mille</strong></span> <span class='ocrx_word' id='word_1_65' title='bbox 391 854 680 918; x_wconf 89' lang='lat' dir='ltr'><strong>captivorum</strong></span> <span class='ocrx_word' id='word_1_66' title='bbox 705 851 786 899; x_wconf 86' lang='lat' dir='ltr'><strong>sub</strong></span> <span class='ocrx_word' id='word_1_67' title='bbox 811 850 932 897; x_wconf 80' lang='lat' dir='ltr'><strong>hasta</strong></span> <span class='ocrx_word' id='word_1_68' title='bbox 956 849 1227 897; x_wconf 88' lang='lat' dir='ltr'><strong>venierunt:</strong></span> <span class='ocrx_word' id='word_1_69' title='bbox 1255 866 1369 912; x_wconf 79' lang='lat' dir='ltr'><strong>prae-</strong></span> 
     </span>
     <span class='ocr_line' id='line_1_11' title="bbox 74 920 1368 984; baseline -0.006 -8"><span class='ocrx_word' id='word_1_70' title='bbox 74 931 129 978; x_wconf 90' lang='lat' dir='ltr'><strong>da</strong></span> <span class='ocrx_word' id='word_1_71' title='bbox 148 930 231 976; x_wconf 88' lang='lat' dir='ltr'><strong>alia</strong></span> <span class='ocrx_word' id='word_1_72' title='bbox 247 929 378 976; x_wconf 87' lang='lat' dir='ltr'><strong>militi</strong></span> <span class='ocrx_word' id='word_1_73' title='bbox 399 926 606 975; x_wconf 81' lang='lat' dir='ltr'><strong>conceffa</strong></span> <span class='ocrx_word' id='word_1_74' title='bbox 620 961 634 984; x_wconf 83' lang='lat'><strong>,</strong></span> <span class='ocrx_word' id='word_1_75' title='bbox 653 923 874 972; x_wconf 78' lang='lat' dir='ltr'><strong>exercitus</strong></span> <span class='ocrx_word' id='word_1_76' title='bbox 890 920 1125 969; x_wconf 83' lang='lat' dir='ltr'><strong>Luceriam</strong></span> <span class='ocrx_word' id='word_1_77' title='bbox 1146 922 1368 968; x_wconf 62' lang='lat' dir='ltr'><strong>reduetus.</strong></span> 
     </span>
    </p>

    <p class='ocr_par' dir='ltr' id='par_1_3' title="bbox 71 993 1370 2530">
     <span class='ocr_line' id='line_1_12' title="bbox 140 993 1369 1058; baseline -0.01 -8"><span class='ocrx_word' id='word_1_78' title='bbox 140 1003 404 1050; x_wconf 88' lang='lat' dir='ltr'>XXXVIII.</span> <span class='ocrx_word' id='word_1_79' title='bbox 421 1001 550 1047; x_wconf 90' lang='lat' dir='ltr'><strong>Dum</strong></span> <span class='ocrx_word' id='word_1_80' title='bbox 570 999 670 1045; x_wconf 83' lang='lat' dir='ltr'><strong>haec</strong></span> <span class='ocrx_word' id='word_1_81' title='bbox 689 998 735 1044; x_wconf 90' lang='lat' dir='ltr'><strong>in</strong></span> <span class='ocrx_word' id='word_1_82' title='bbox 748 995 940 1044; x_wconf 87' lang='lat' dir='ltr'><strong>Lucanis</strong></span> <span class='ocrx_word' id='word_1_83' title='bbox 958 1004 1092 1058; x_wconf 87' lang='lat' dir='ltr'><strong>atque</strong></span> <span class='ocrx_word' id='word_1_84' title='bbox 1107 994 1154 1040; x_wconf 88' lang='lat' dir='ltr'><strong>in</strong></span> <span class='ocrx_word' id='word_1_85' title='bbox 1167 993 1369 1056; x_wconf 83' lang='lat' dir='ltr'><strong>Hirpinis</strong></span> 
     </span>
     <span class='ocr_line' id='line_1_13' title="bbox 73 1069 1369 1139; baseline -0.007 -17"><span class='ocrx_word' id='word_1_86' title='bbox 73 1088 288 1139; x_wconf 86' lang='lat' dir='ltr'><strong>geruntur</strong></span> <span class='ocrx_word' id='word_1_87' title='bbox 304 1109 318 1133; x_wconf 86' lang='lat'><strong><em>‚</em></strong></span> <span class='ocrx_word' id='word_1_88' title='bbox 348 1073 551 1138; x_wconf 87' lang='lat' dir='ltr'><strong>quinque</strong></span> <span class='ocrx_word' id='word_1_89' title='bbox 579 1087 721 1119; x_wconf 84' lang='lat' dir='ltr'><strong>naves</strong></span> <span class='ocrx_word' id='word_1_90' title='bbox 737 1106 751 1130; x_wconf 91' lang='lat'>,</span> <span class='ocrx_word' id='word_1_91' title='bbox 784 1086 884 1133; x_wconf 82' lang='lat' dir='ltr'><strong>quae</strong></span> <span class='ocrx_word' id='word_1_92' title='bbox 904 1069 1209 1115; x_wconf 82' lang='lat' dir='ltr'><strong>Macedonum</strong></span> <span class='ocrx_word' id='word_1_93' title='bbox 1234 1080 1369 1132; x_wconf 87' lang='lat' dir='ltr'><strong>atque</strong></span> 
     </span>
     <span class='ocr_line' id='line_1_14' title="bbox 71 1144 1368 1211; baseline -0.006 -15"><span class='ocrx_word' id='word_1_94' title='bbox 71 1151 326 1196; x_wconf 87' lang='lat' dir='ltr'><strong>Poenorum</strong></span> <span class='ocrx_word' id='word_1_95' title='bbox 365 1159 520 1211; x_wconf 82' lang='lat' dir='ltr'><strong>captos</strong></span> <span class='ocrx_word' id='word_1_96' title='bbox 554 1146 726 1210; x_wconf 87' lang='lat' dir='ltr'><strong>legatos</strong></span> <span class='ocrx_word' id='word_1_97' title='bbox 760 1146 957 1192; x_wconf 89' lang='lat' dir='ltr'><strong>Romam</strong></span> <span class='ocrx_word' id='word_1_98' title='bbox 995 1144 1272 1207; x_wconf 84' lang='lat' dir='ltr'><strong>portabant,</strong></span> <span class='ocrx_word' id='word_1_99' title='bbox 1313 1144 1368 1189; x_wconf 81' lang='lat' dir='ltr'><strong>ab</strong></span> 
     </span>
     <span class='ocr_line' id='line_1_15' title="bbox 73 1219 1369 1286; baseline -0.005 -16"><span class='ocrx_word' id='word_1_100' title='bbox 73 1223 238 1286; x_wconf 83' lang='lat' dir='ltr'><strong>supero</strong></span> <span class='ocrx_word' id='word_1_101' title='bbox 259 1223 371 1270; x_wconf 86' lang='lat' dir='ltr'><strong>mari</strong></span> <span class='ocrx_word' id='word_1_102' title='bbox 391 1223 446 1269; x_wconf 85' lang='lat' dir='ltr'><strong>ad</strong></span> <span class='ocrx_word' id='word_1_103' title='bbox 464 1221 662 1268; x_wconf 81' lang='lat' dir='ltr'><strong>inferum</strong></span> <span class='ocrx_word' id='word_1_104' title='bbox 683 1219 1000 1267; x_wconf 65' lang='lat' dir='ltr'><strong>circumvectae</strong></span> <span class='ocrx_word' id='word_1_105' title='bbox 1020 1233 1165 1280; x_wconf 87' lang='lat' dir='ltr'><strong>prope</strong></span> <span class='ocrx_word' id='word_1_106' title='bbox 1183 1233 1369 1263; x_wconf 85' lang='lat' dir='ltr'><strong>omnem</strong></span> 
     </span>
     <span class='ocr_line' id='line_1_16' title="bbox 72 1290 1369 1358; baseline -0.006 -15"><span class='ocrx_word' id='word_1_107' title='bbox 72 1296 214 1343; x_wconf 81' lang='lat' dir='ltr'><strong>Italiae</strong></span> <span class='ocrx_word' id='word_1_108' title='bbox 246 1314 399 1354; x_wconf 84' lang='lat' dir='ltr'><strong>oram,</strong></span> <span class='ocrx_word' id='word_1_109' title='bbox 438 1313 543 1342; x_wconf 90' lang='lat' dir='ltr'><strong>cum</strong></span> <span class='ocrx_word' id='word_1_110' title='bbox 572 1305 736 1358; x_wconf 80' lang='lat' dir='ltr'><strong>praeter</strong></span> <span class='ocrx_word' id='word_1_111' title='bbox 769 1294 936 1340; x_wconf 82' lang='lat' dir='ltr'><strong>Cumas</strong></span> <span class='ocrx_word' id='word_1_112' title='bbox 969 1291 1081 1341; x_wconf 88' lang='lat' dir='ltr'><strong>velis</strong></span> <span class='ocrx_word' id='word_1_113' title='bbox 1117 1290 1369 1348; x_wconf 79' lang='lat' dir='ltr'><strong>ferrentur,</strong></span> 
     </span>
     <span class='ocr_line' id='line_1_17' title="bbox 73 1364 1370 1434; baseline -0.005 -18"><span class='ocrx_word' id='word_1_114' title='bbox 73 1387 248 1434; x_wconf 87' lang='lat' dir='ltr'><strong>neque,</strong></span> <span class='ocrx_word' id='word_1_115' title='bbox 280 1370 478 1417; x_wconf 90' lang='lat' dir='ltr'><strong>hostium</strong></span> <span class='ocrx_word' id='word_1_116' title='bbox 507 1387 565 1416; x_wconf 89' lang='lat' dir='ltr'><strong>an</strong></span> <span class='ocrx_word' id='word_1_117' title='bbox 595 1368 824 1415; x_wconf 76' lang='lat' dir='ltr'><strong>sociorum</strong></span> <span class='ocrx_word' id='word_1_118' title='bbox 853 1367 1020 1421; x_wconf 81' lang='lat' dir='ltr'><strong>effent,</strong></span> <span class='ocrx_word' id='word_1_119' title='bbox 1040 1365 1139 1414; x_wconf 86' lang='lat' dir='ltr'><strong>satis</strong></span> <span class='ocrx_word' id='word_1_120' title='bbox 1158 1364 1370 1422; x_wconf 83' lang='lat' dir='ltr'><strong>sciretur,</strong></span> 
     </span>
     <span class='ocr_line' id='line_1_18' title="bbox 76 1438 1369 1492; baseline -0.005 -1"><span class='ocrx_word' id='word_1_121' title='bbox 76 1444 309 1491; x_wconf 79' lang='lat' dir='ltr'><strong>Gracchus</strong></span> <span class='ocrx_word' id='word_1_122' title='bbox 336 1442 522 1492; x_wconf 84' lang='lat' dir='ltr'><strong>obviam</strong></span> <span class='ocrx_word' id='word_1_123' title='bbox 551 1459 607 1488; x_wconf 73' lang='lat' dir='ltr'><strong>ex</strong></span> <span class='ocrx_word' id='word_1_124' title='bbox 641 1440 769 1488; x_wconf 81' lang='lat' dir='ltr'><strong>claffe</strong></span> <span class='ocrx_word' id='word_1_125' title='bbox 793 1439 868 1486; x_wconf 84' lang='lat' dir='ltr'><strong>sua</strong></span> <span class='ocrx_word' id='word_1_126' title='bbox 895 1455 1036 1486; x_wconf 85' lang='lat' dir='ltr'><strong>naves</strong></span> <span class='ocrx_word' id='word_1_127' title='bbox 1069 1438 1200 1485; x_wconf 87' lang='lat' dir='ltr'><strong>mifit.</strong></span> <span class='ocrx_word' id='word_1_128' title='bbox 1246 1439 1369 1484; x_wconf 85' lang='lat' dir='ltr'><strong>Cum</strong></span> 
     </span>
     <span class='ocr_line' id='line_1_19' title="bbox 75 1508 1369 1578; baseline -0.005 -17"><span class='ocrx_word' id='word_1_129' title='bbox 75 1514 390 1578; x_wconf 84' lang='lat' dir='ltr'><strong>percontando</strong></span> <span class='ocrx_word' id='word_1_130' title='bbox 432 1513 632 1561; x_wconf 81' lang='lat' dir='ltr'><strong>invicem</strong></span> <span class='ocrx_word' id='word_1_131' title='bbox 681 1512 916 1575; x_wconf 79' lang='lat' dir='ltr'><strong>cognitum</strong></span> <span class='ocrx_word' id='word_1_132' title='bbox 963 1510 1095 1568; x_wconf 74' lang='lat' dir='ltr'><strong>esset,</strong></span> <span class='ocrx_word' id='word_1_133' title='bbox 1135 1508 1369 1557; x_wconf 88' lang='lat' dir='ltr'><strong>consulem</strong></span> 
     </span>
     <span class='ocr_line' id='line_1_20' title="bbox 74 1581 1370 1647; baseline -0.004 -14"><span class='ocrx_word' id='word_1_134' title='bbox 74 1587 232 1633; x_wconf 85' lang='lat' dir='ltr'><strong>Cumis</strong></span> <span class='ocrx_word' id='word_1_135' title='bbox 263 1586 376 1642; x_wconf 79' lang='lat' dir='ltr'><strong>effe3</strong></span> <span class='ocrx_word' id='word_1_136' title='bbox 407 1603 545 1635; x_wconf 83' lang='lat' dir='ltr'><strong>naves</strong></span> <span class='ocrx_word' id='word_1_137' title='bbox 576 1587 746 1631; x_wconf 87' lang='lat' dir='ltr'><strong>Cumas</strong></span> <span class='ocrx_word' id='word_1_138' title='bbox 777 1583 1002 1647; x_wconf 78' lang='lat' dir='ltr'><strong>appulsae,</strong></span> <span class='ocrx_word' id='word_1_139' title='bbox 1031 1583 1293 1647; x_wconf 87' lang='lat' dir='ltr'><strong>captivique</strong></span> <span class='ocrx_word' id='word_1_140' title='bbox 1313 1581 1370 1629; x_wconf 88' lang='lat' dir='ltr'><strong>ad</strong></span> 
     </span>
     <span class='ocr_line' id='line_1_21' title="bbox 76 1653 1369 1714; baseline -0.005 -9"><span class='ocrx_word' id='word_1_141' title='bbox 76 1658 307 1706; x_wconf 82' lang='lat' dir='ltr'><strong>consulem</strong></span> <span class='ocrx_word' id='word_1_142' title='bbox 321 1659 498 1706; x_wconf 70' lang='lat' dir='ltr'><strong>deduffi</strong></span> <span class='ocrx_word' id='word_1_143' title='bbox 510 1695 523 1714; x_wconf 82' lang='lat'>‚</span> <span class='ocrx_word' id='word_1_144' title='bbox 538 1661 588 1706; x_wconf 57' lang='grc' dir='ltr'><strong>δέ</strong></span> <span class='ocrx_word' id='word_1_145' title='bbox 606 1658 747 1704; x_wconf 85' lang='lat' dir='ltr'><strong>literae</strong></span> <span class='ocrx_word' id='word_1_146' title='bbox 766 1658 892 1705; x_wconf 78' lang='lat' dir='ltr'><strong>datae.</strong></span> <span class='ocrx_word' id='word_1_147' title='bbox 905 1655 1101 1714; x_wconf 81' lang='lat' dir='ltr'><strong>Consul,</strong></span> <span class='ocrx_word' id='word_1_148' title='bbox 1113 1655 1253 1701; x_wconf 85' lang='lat' dir='ltr'><strong>literis</strong></span> <span class='ocrx_word' id='word_1_149' title='bbox 1266 1653 1369 1700; x_wconf 79' lang='lat' dir='ltr'><strong>Phi-</strong></span> 
     </span>
     <span class='ocr_line' id='line_1_22' title="bbox 74 1728 1369 1796; baseline -0.003 -18"><span class='ocrx_word' id='word_1_150' title='bbox 74 1731 188 1796; x_wconf 87' lang='lat' dir='ltr'><strong>lippi</strong></span> <span class='ocrx_word' id='word_1_151' title='bbox 218 1743 350 1795; x_wconf 87' lang='lat' dir='ltr'><strong>atque</strong></span> <span class='ocrx_word' id='word_1_152' title='bbox 371 1731 639 1778; x_wconf 79' lang='lat' dir='ltr'><strong>Hannibalis</strong></span> <span class='ocrx_word' id='word_1_153' title='bbox 667 1730 894 1794; x_wconf 68' lang='lat' dir='ltr'><strong>perleftis‚</strong></span> <span class='ocrx_word' id='word_1_154' title='bbox 926 1728 1184 1792; x_wconf 61' lang='lat' dir='ltr'><strong>contignata</strong></span> <span class='ocrx_word' id='word_1_155' title='bbox 1212 1728 1369 1774; x_wconf 84' lang='lat' dir='ltr'><strong>omnia</strong></span> 
     </span>
     <span class='ocr_line' id='line_1_23' title="bbox 76 1800 1367 1852; baseline -0.005 0"><span class='ocrx_word' id='word_1_156' title='bbox 76 1806 133 1852; x_wconf 86' lang='lat' dir='ltr'><strong>ad</strong></span> <span class='ocrx_word' id='word_1_157' title='bbox 162 1806 359 1852; x_wconf 83' lang='lat' dir='ltr'><strong>senatum</strong></span> <span class='ocrx_word' id='word_1_158' title='bbox 391 1805 550 1852; x_wconf 84' lang='lat' dir='ltr'><strong>itinere</strong></span> <span class='ocrx_word' id='word_1_159' title='bbox 582 1803 778 1852; x_wconf 86' lang='lat' dir='ltr'><strong>terrestri</strong></span> <span class='ocrx_word' id='word_1_160' title='bbox 803 1804 942 1850; x_wconf 84' lang='lat' dir='ltr'><strong>mifit:</strong></span> <span class='ocrx_word' id='word_1_161' title='bbox 979 1802 1168 1851; x_wconf 78' lang='lat' dir='ltr'><strong>navibus</strong></span> <span class='ocrx_word' id='word_1_162' title='bbox 1199 1800 1367 1847; x_wconf 85' lang='lat' dir='ltr'><strong>devehi</strong></span> 
     </span>
     <span class='ocr_line' id='line_1_24' title="bbox 76 1874 1367 1941; baseline -0.003 -18"><span class='ocrx_word' id='word_1_163' title='bbox 76 1877 249 1941; x_wconf 83' lang='lat' dir='ltr'><strong>legatos</strong></span> <span class='ocrx_word' id='word_1_164' title='bbox 267 1875 400 1939; x_wconf 83' lang='lat' dir='ltr'><strong>juffit.</strong></span> <span class='ocrx_word' id='word_1_165' title='bbox 427 1878 543 1924; x_wconf 88' lang='lat' dir='ltr'><strong>Cum</strong></span> <span class='ocrx_word' id='word_1_166' title='bbox 573 1875 735 1923; x_wconf 90' lang='lat' dir='ltr'><strong>eodem</strong></span> <span class='ocrx_word' id='word_1_167' title='bbox 757 1876 850 1923; x_wconf 89' lang='lat' dir='ltr'><strong>fere</strong></span> <span class='ocrx_word' id='word_1_168' title='bbox 878 1876 949 1922; x_wconf 90' lang='lat' dir='ltr'><strong>die</strong></span> <span class='ocrx_word' id='word_1_169' title='bbox 976 1875 1117 1922; x_wconf 78' lang='lat' dir='ltr'><strong>literae</strong></span> <span class='ocrx_word' id='word_1_170' title='bbox 1143 1874 1367 1938; x_wconf 82' lang='lat' dir='ltr'><strong>legatique</strong></span> 
     </span>
     <span class='ocr_line' id='line_1_25' title="bbox 76 1948 1367 2016; baseline -0.005 -17"><span class='ocrx_word' id='word_1_171' title='bbox 76 1953 271 1999; x_wconf 83' lang='lat' dir='ltr'><strong>Romam</strong></span> <span class='ocrx_word' id='word_1_172' title='bbox 305 1952 526 2000; x_wconf 82' lang='lat' dir='ltr'><strong>venissent</strong></span> <span class='ocrx_word' id='word_1_173' title='bbox 544 1989 556 2010; x_wconf 88' lang='lat'><em>‚</em></span> <span class='ocrx_word' id='word_1_174' title='bbox 591 1953 640 2000; x_wconf 68' lang='grc' dir='ltr'><strong>ὃ(</strong></span> <span class='ocrx_word' id='word_1_175' title='bbox 659 1988 672 2010; x_wconf 89' lang='grc'><em>,</em></span> <span class='ocrx_word' id='word_1_176' title='bbox 711 1950 1062 2016; x_wconf 80' lang='lat' dir='ltr'><strong>percontatione</strong></span> <span class='ocrx_word' id='word_1_177' title='bbox 1090 1949 1226 2007; x_wconf 60' lang='lat' dir='ltr'><strong>facia,</strong></span> <span class='ocrx_word' id='word_1_178' title='bbox 1255 1948 1367 1993; x_wconf 56' lang='lat' dir='ltr'><strong>ditia</strong></span> 
     </span>
     <span class='ocr_line' id='line_1_26' title="bbox 77 2023 1368 2090; baseline -0.005 -17"><span class='ocrx_word' id='word_1_179' title='bbox 77 2044 181 2073; x_wconf 89' lang='lat' dir='ltr'><strong>cum</strong></span> <span class='ocrx_word' id='word_1_180' title='bbox 205 2026 382 2089; x_wconf 86' lang='lat' dir='ltr'><strong>scriptis</strong></span> <span class='ocrx_word' id='word_1_181' title='bbox 419 2038 750 2090; x_wconf 80' lang='lat' dir='ltr'><strong>congruerent3</strong></span> <span class='ocrx_word' id='word_1_182' title='bbox 783 2025 933 2089; x_wconf 88' lang='lat' dir='ltr'><strong>primo</strong></span> <span class='ocrx_word' id='word_1_183' title='bbox 961 2023 1113 2088; x_wconf 84' lang='lat' dir='ltr'><strong>gravis</strong></span> <span class='ocrx_word' id='word_1_184' title='bbox 1149 2040 1255 2070; x_wconf 87' lang='lat' dir='ltr'><strong>cura</strong></span> <span class='ocrx_word' id='word_1_185' title='bbox 1283 2023 1368 2068; x_wconf 85' lang='lat' dir='ltr'><strong>Pa-</strong></span> 
     </span>
     <span class='ocr_line' id='line_1_27' title="bbox 76 2093 1366 2162; baseline -0.006 -16"><span class='ocrx_word' id='word_1_186' title='bbox 76 2112 164 2147; x_wconf 86' lang='lat' dir='ltr'><strong>tres</strong></span> <span class='ocrx_word' id='word_1_187' title='bbox 202 2099 374 2147; x_wconf 87' lang='lat' dir='ltr'><strong>inceffit</strong></span> <span class='ocrx_word' id='word_1_188' title='bbox 394 2136 409 2157; x_wconf 92' lang='lat'><strong><em>‚</em></strong></span> <span class='ocrx_word' id='word_1_189' title='bbox 443 2111 708 2158; x_wconf 86' lang='lat' dir='ltr'><strong>cernentes,</strong></span> <span class='ocrx_word' id='word_1_190' title='bbox 751 2110 916 2162; x_wconf 84' lang='lat' dir='ltr'><strong>quanta</strong></span> <span class='ocrx_word' id='word_1_191' title='bbox 951 2097 1033 2144; x_wconf 85' lang='lat' dir='ltr'><strong>vix</strong></span> <span class='ocrx_word' id='word_1_192' title='bbox 1067 2093 1366 2142; x_wconf 82' lang='lat' dir='ltr'><strong>tolerantibus</strong></span> 
     </span>
     <span class='ocr_line' id='line_1_28' title="bbox 76 2166 1366 2220; baseline -0.007 0"><span class='ocrx_word' id='word_1_193' title='bbox 76 2173 297 2220; x_wconf 90' lang='lat' dir='ltr'><strong>Punicum</strong></span> <span class='ocrx_word' id='word_1_194' title='bbox 333 2172 501 2219; x_wconf 90' lang='lat' dir='ltr'><strong>bellum</strong></span> <span class='ocrx_word' id='word_1_195' title='bbox 534 2171 824 2220; x_wconf 87' lang='lat' dir='ltr'><strong>Macedonici</strong></span> <span class='ocrx_word' id='word_1_196' title='bbox 858 2169 964 2217; x_wconf 90' lang='lat' dir='ltr'><strong>belli</strong></span> <span class='ocrx_word' id='word_1_197' title='bbox 994 2168 1138 2215; x_wconf 88' lang='lat' dir='ltr'><strong>moles</strong></span> <span class='ocrx_word' id='word_1_198' title='bbox 1172 2166 1366 2213; x_wconf 88' lang='lat' dir='ltr'><strong>instaret.</strong></span> 
     </span>
     <span class='ocr_line' id='line_1_29' title="bbox 78 2240 1365 2303; baseline -0.005 -11"><span class='ocrx_word' id='word_1_199' title='bbox 78 2245 150 2292; x_wconf 88' lang='lat' dir='ltr'><strong>cui</strong></span> <span class='ocrx_word' id='word_1_200' title='bbox 185 2256 334 2292; x_wconf 87' lang='lat' dir='ltr'><strong>tamen</strong></span> <span class='ocrx_word' id='word_1_201' title='bbox 366 2246 479 2293; x_wconf 89' lang='lat' dir='ltr'><strong>adeo</strong></span> <span class='ocrx_word' id='word_1_202' title='bbox 519 2263 616 2292; x_wconf 89' lang='lat' dir='ltr'><strong>non</strong></span> <span class='ocrx_word' id='word_1_203' title='bbox 652 2243 1014 2301; x_wconf 83' lang='lat' dir='ltr'><strong>succubuerunt,</strong></span> <span class='ocrx_word' id='word_1_204' title='bbox 1048 2258 1099 2289; x_wconf 91' lang='lat' dir='ltr'><strong>ut</strong></span> <span class='ocrx_word' id='word_1_205' title='bbox 1132 2240 1365 2303; x_wconf 82' lang='lat' dir='ltr'><strong>extemplo</strong></span> 
     </span>
     <span class='ocr_line' id='line_1_30' title="bbox 75 2314 1365 2383; baseline -0.005 -17"><span class='ocrx_word' id='word_1_206' title='bbox 75 2319 314 2383; x_wconf 86' lang='lat' dir='ltr'><strong>agitaretur</strong></span> <span class='ocrx_word' id='word_1_207' title='bbox 336 2355 350 2378; x_wconf 91' lang='lat'>‚</span> <span class='ocrx_word' id='word_1_208' title='bbox 388 2319 768 2383; x_wconf 84' lang='lat' dir='ltr'><strong>quemadmodum</strong></span> <span class='ocrx_word' id='word_1_209' title='bbox 801 2318 924 2365; x_wconf 87' lang='lat' dir='ltr'><strong>ultro</strong></span> <span class='ocrx_word' id='word_1_210' title='bbox 963 2316 1201 2363; x_wconf 86' lang='lat' dir='ltr'><strong>inferendo</strong></span> <span class='ocrx_word' id='word_1_211' title='bbox 1241 2314 1365 2361; x_wconf 84' lang='lat' dir='ltr'><strong>bello</strong></span> 
     </span>
     <span class='ocr_line' id='line_1_31' title="bbox 76 2388 1365 2454; baseline -0.004 -18"><span class='ocrx_word' id='word_1_212' title='bbox 76 2403 332 2437; x_wconf 83' lang='lat' dir='ltr'><strong>averterent</strong></span> <span class='ocrx_word' id='word_1_213' title='bbox 348 2392 402 2438; x_wconf 91' lang='lat' dir='ltr'><strong>ab</strong></span> <span class='ocrx_word' id='word_1_214' title='bbox 420 2392 541 2439; x_wconf 83' lang='lat' dir='ltr'><strong>Italia</strong></span> <span class='ocrx_word' id='word_1_215' title='bbox 555 2391 744 2439; x_wconf 83' lang='lat' dir='ltr'><strong>hostem.</strong></span> <span class='ocrx_word' id='word_1_216' title='bbox 760 2389 968 2454; x_wconf 83' lang='lat' dir='ltr'><strong>Captivis</strong></span> <span class='ocrx_word' id='word_1_217' title='bbox 988 2389 1034 2436; x_wconf 90' lang='lat' dir='ltr'><strong>in</strong></span> <span class='ocrx_word' id='word_1_218' title='bbox 1049 2388 1233 2436; x_wconf 84' lang='lat' dir='ltr'><strong>vincula</strong></span> <span class='ocrx_word' id='word_1_219' title='bbox 1253 2403 1365 2434; x_wconf 90' lang='lat' dir='ltr'><strong>con-</strong></span> 
     </span>
     <span class='ocr_line' id='line_1_32' title="bbox 78 2460 1365 2530; baseline -0.003 -20"><span class='ocrx_word' id='word_1_220' title='bbox 78 2462 121 2510; x_wconf 89' lang='lat' dir='ltr'><strong>di</strong></span> <span class='ocrx_word' id='word_1_221' title='bbox 142 2462 291 2524; x_wconf 83' lang='lat' dir='ltr'><strong>juffis,</strong></span> <span class='ocrx_word' id='word_1_222' title='bbox 326 2464 657 2530; x_wconf 82' lang='lat' dir='ltr'><strong>comitibusque</strong></span> <span class='ocrx_word' id='word_1_223' title='bbox 676 2481 841 2514; x_wconf 82' lang='lat' dir='ltr'><strong>eorum</strong></span> <span class='ocrx_word' id='word_1_224' title='bbox 875 2463 953 2511; x_wconf 89' lang='lat' dir='ltr'><strong>sub</strong></span> <span class='ocrx_word' id='word_1_225' title='bbox 988 2462 1108 2510; x_wconf 84' lang='lat' dir='ltr'><strong>hasta</strong></span> <span class='ocrx_word' id='word_1_226' title='bbox 1136 2460 1332 2512; x_wconf 84' lang='lat' dir='ltr'><strong>venditis</strong></span> <span class='ocrx_word' id='word_1_227' title='bbox 1350 2495 1365 2519; x_wconf 82' lang='lat'><em>,</em></span> 
     </span>
    </p>
   </div>
  </div>
 </body>
</html>
