1628 2890
189 140 277 187 154
540 123 1104 173 T1T1L1v11

180 230 426 276 admodum
476 229 698 276 conducta
741 230 898 277 omnia
938 249 1104 296 magno
1145 234 1297 282 animo
1337 235 1472 293 sunt,

180 308 241 354 fic
264 308 434 354 summa
454 306 541 354 fide
571 308 786 370 praebita,
807 325 891 374 nec
914 307 1037 357 secus
1059 329 1194 375 quam
1216 313 1249 359 fi
1274 331 1332 360 ex
1351 331 1472 378 opu-

180 385 308 431 lento
347 384 537 442 aerari0‚
576 397 627 431 ut
671 386 899 449 quondam
922 422 936 444 ‚
975 387 1213 438 alerentur.
1263 393 1382 439 Cum
1426 394 1474 439 hi

179 473 462 510 commeatus
491 476 746 523 venerunt,
782 464 971 530 illiturgi
1010 468 1230 530 oppidum
1267 471 1320 517 ab
1359 472 1472 518 Has-

178 543 391 602 drubale,
422 562 474 592 ac
506 548 729 610 Magone,
757 549 807 595 &
839 547 1095 596 Hamilcare
1123 551 1388 600 Bomilcaris
1421 552 1471 599 fi-

177 619 273 679 lio,
308 623 372 669 ob
414 622 714 671 defectionem
750 625 807 671 ad
840 626 1075 673 Romanos
1110 632 1471 693 oppugnabatur,

176 692 299 747 Inter
329 702 428 749 haec
460 703 578 750 trina
603 703 738 751 castra
769 704 964 752 hostium
995 705 1257 769 Scipiones,
1285 726 1387 756 cum
1423 711 1471 759 in

177 781 336 827 urbem
366 781 595 830 sociorum
629 801 796 848 magno
821 785 1064 832 certamine
1094 803 1146 834 ac
1180 788 1319 852 strage
1349 790 1472 836 obfi-

176 861 388 909 stentium
423 863 757 925 pervenissent,
794 863 1071 912 frumentum
1092 902 1107 925 ‚
1152 867 1279 930 cujus
1315 869 1473 933 inopia

176 954 271 988 erat
286 977 301 998 ,
324 942 606 990 advexerunt
627 962 638 990 :
663 944 989 1007 cohortatique
1012 946 1270 1007 oppidanos
1287 983 1302 1006 ‚
1320 960 1370 995 ut
1389 965 1471 995 eo-

177 1022 279 1067 dem
307 1022 462 1070 animo
486 1022 660 1069 moenia
679 1035 934 1069 tutarentur
949 1059 963 1080 ‚
988 1040 1082 1087 quo
1101 1041 1186 1086 pro
1205 1025 1246 1072 se
1266 1044 1472 1091 pugnans·

176 1113 268 1147 tem
299 1103 565 1148 Romanum
588 1101 837 1150 exercitum
864 1103 1102 1159 vidissent,
1129 1105 1183 1151 ad
1209 1107 1347 1154 castra
1372 1126 1471 1170 man

176 1181 299 1228 xima
325 1183 625 1245 oppugnanda
641 1215 655 1237 ,
678 1182 840 1245 quibus
869 1181 1119 1229 Hasdrubal
1151 1198 1368 1246 praeerat‚
1391 1187 1470 1234 du·

174 1274 301 1310 cunt.
331 1265 505 1310 Eodem
526 1267 576 1312 δε
597 1264 690 1310 duo
721 1264 878 1321 duces,
907 1265 957 1310 &
986 1264 1084 1310 duo
1110 1266 1331 1314 exercitus
1354 1269 1470 1314 Car-

175 1340 552 1403 thaginiensium,
588 1341 651 1388 ibi
690 1359 786 1389 rem
831 1341 1048 1388 summam
1087 1342 1159 1407 agi
1201 1356 1470 1403 cernentes,

174 1433 510 1468 convenerunt.
545 1426 697 1486 Itaque
729 1421 969 1484 eruptione
991 1439 1014 1468 e
1039 1422 1188 1471 castris
1220 1437 1469 1489 pugnatum
1519 1452 1531 1457 =

176 1501 254 1550 est.
291 1504 516 1568 sexaginta
543 1505 737 1552 hostium
770 1503 910 1550 millia
937 1519 992 1549 eo
1023 1503 1093 1549 die
1120 1503 1167 1549 in
1195 1522 1344 1569 pugna
1377 1504 1470 1552 fue-

173 1595 282 1630 runt
305 1620 319 1641 ,
363 1585 589 1633 sexdecim
635 1582 813 1633 circiter
861 1583 1097 1630 Romanis.
1153 1598 1304 1631 tamen
1355 1586 1471 1632 adeo

174 1659 294 1709 haud
315 1664 446 1713 dubia
468 1665 663 1714 victoria
698 1664 813 1724 fuit,
831 1676 880 1711 ut
912 1663 1061 1727 plures
1093 1680 1284 1712 numero
1301 1700 1316 1723 ‚
1335 1681 1470 1728 quam

172 1738 256 1802 ipsi
293 1757 450 1803 erant,
486 1744 686 1791 Romani
723 1744 921 1791 hostium
954 1740 1238 1789 occiderint:
1269 1744 1472 1805 ceperint

173 1820 364 1882 amplius
396 1823 481 1869 tria
514 1823 655 1869 millia
690 1822 957 1876 hominum,
990 1818 1128 1880 paulo
1163 1819 1310 1866 minus
1347 1820 1470 1867 mille

169 1914 419 1963 equorum,
453 1903 807 1967 undesexaginta
839 1899 1047 1947 militaria
1078 1899 1225 1962 signa,
1251 1901 1470 1963 elephan-

171 1981 229 2026 tis
265 1984 465 2047 quinque
496 1985 543 2031 in
574 1985 745 2048 proelio
772 1981 947 2029 occisis.
986 1979 1203 2042 trinisque
1232 1980 1382 2028 castris
1409 1996 1467 2027 eo

172 2058 245 2105 die
276 2063 411 2122 potiti
440 2062 552 2109 sunt.
588 2061 777 2125 Illiturgi
810 2059 1045 2106 obsidione
1070 2058 1262 2105 liberato
1280 2093 1294 2117 ,
1316 2058 1372 2105 ad
1393 2061 1468 2105 Ins-

171 2137 289 2186 ribili
313 2141 669 2207 oppugnandum
698 2139 860 2187 Punici
882 2137 1106 2185 exercitus
1128 2137 1344 2195 traducti,
1364 2137 1467 2199 sup-

171 2216 304 2279 pletis
328 2222 473 2284 copiis
494 2240 552 2269 ex
572 2219 815 2285 provincia
828 2255 841 2277 ,
859 2230 910 2265 ut
929 2235 1028 2281 quae
1046 2216 1240 2263 maxime
1263 2216 1469 2264 omnium

170 2296 279 2343 belli
311 2301 476 2360 avida,
497 2302 639 2347 modo
674 2299 824 2362 praeda
845 2309 920 2344 aut
950 2313 1120 2343 merces
1148 2295 1280 2353 effet,
1300 2296 1349 2342 δέ
1372 2307 1466 2341 tum

174 2371 412 2433 juventute
445 2377 713 2424 abundante.
746 2378 913 2421 Iterum
932 2374 1062 2437 signis
1083 2372 1286 2430 collaris,
1311 2373 1463 2418 eadem

174 2452 357 2506 fortuna
382 2457 610 2522 utriusque
641 2456 778 2520 partis
810 2468 1073 2520 pugnatum.
1101 2452 1228 2515 supra
1246 2450 1461 2499 tredecim
