1628 2890
304 156 863 205 HISTORIARUM
904 158 1032 205 LIB.
1066 159 1230 206 XXII.
1342 178 1401 220 ,μ

120 285 177 317 co
199 268 440 316 succedens
462 268 717 327 tumulum,
743 268 868 331 pulsa
893 268 1156 333 detrusaque
1184 283 1407 317 terrorem

117 343 167 390 in
188 342 500 389 succedentem
530 341 682 388 intulit
702 342 901 405 equitem
916 378 930 399 ,
950 344 1000 390 &
1030 343 1082 389 ad
1114 342 1235 407 figna
1258 342 1406 406 legio-

120 432 227 462 num
252 413 427 478 refugit.
461 414 662 477 peditum
683 411 798 460 acies
822 413 939 460 inter
965 414 1192 477 perculsos
1211 414 1410 478 impavi-

119 487 184 536 da
193 486 285 534 sola
303 502 419 545 erat,
436 488 790 550 videbaturque,
804 486 836 532 fi
853 485 964 548 justa
981 500 1054 534 aut
1072 488 1103 534 fi
1120 490 1238 536 reeta
1256 506 1410 552 pugna

118 561 247 620 esset,
279 563 622 627 haudquaquam
647 562 792 625 impar
821 561 989 610 futura.
1029 574 1204 611 tantum
1233 563 1407 610 animo-

118 655 220 685 rum
254 636 420 686 fecerat
454 637 667 701 prospere
701 649 805 685 ante
846 654 1018 701 paucos
1053 639 1146 685 dies
1172 656 1242 686 res
1278 638 1406 702 gesta.

117 711 203 758 Sed
233 711 385 758 exorti
406 723 588 773 repente
619 710 901 758 insidiatores
921 728 1022 758 eum
1053 712 1299 758 tumultum
1317 725 1409 759 ter—

117 803 390 850 roremque,
423 786 470 833 in
500 785 634 832 late‘ra
663 786 880 850 utrinque
917 785 974 833 ab
1000 798 1222 851 tergoque
1253 786 1409 833 incur-

118 857 282 920 santes,
307 858 537 922 fecerunt,
561 874 612 905 ut
641 875 789 922 neque
817 858 989 906 animus
1007 859 1063 906 ad
1083 875 1308 941 pugnam,
1327 875 1410 905 ne-

118 949 205 995 que
224 933 279 978 ad
299 932 448 997 fugam
469 920 563 995 spes
584 932 793 995 cuiquam
816 932 1065 996 superesset.

182 1006 358 1053 XXIX
391 1005 523 1053 Tunc
544 1005 727 1063 Fabius,
747 1005 897 1068 primo
919 1005 1119 1053 clamore
1140 989 1411 1084 paventium

120 1076 300 1136 audito,
322 1077 422 1124 dein
445 1075 685 1139 conspecta
706 1077 871 1140 procul
888 1077 1068 1124 turbata
1087 1076 1210 1134 acie,
1233 1078 1304 1122 [ια
1330 1078 1408 1140 est,

10 1143 22 1187 Ἴ·
68 1163 69 1169 ’
117 1148 290 1212 inquit,
312 1170 397 1197 non
419 1155 609 1207 celerius,
628 1170 754 1214 quam
782 1155 929 1209 timui,
951 1154 1213 1213 deprehendit
1224 1150 1410 1210 fortuna

117 1227 390 1270 temeritatem.
427 1227 563 1270 Fabio
600 1242 785 1286 aequatus
824 1226 998 1287 imperio
1035 1226 1327 1270 Hannibalem
1367 1220 1409 1268 δ’

117 1297 264 1341 virtute
284 1293 325 1341 ὃν
333 1295 514 1354 fortuna
526 1298 778 1358 ficperiorem
799 1300 926 1344 videt.
957 1300 1044 1342 Sed
1064 1299 1188 1343 aliud
1194 1296 1408 1358 jurgandi

106 1367 450 1429 succenj‘l’tzdique
488 1385 648 1430 tempus
680 1371 768 1416 erit.
802 1389 914 1417 nunc
937 1370 1069 1435 figna
1100 1386 1220 1416 extra
1248 1361 1408 1415 vallurJz

113 1440 301 1499 proferte.
347 1443 574 1487 Vift‘oriam
608 1443 712 1509 hosti
745 1459 1090 1503 extorqueamuS,
1127 1442 1408 1504 conftffionem

118 1518 261 1559 error-is
287 1518 461 1562 civibus.
492 1517 584 1563 Jam
611 1532 772 1580 magna
791 1531 845 1561 ex
867 1530 992 1578 parte
1021 1513 1140 1562 caesis
1160 1513 1284 1573 aliis,
1314 1515 1409 1561 aliis

119 1585 588 1650 circumspeEtantibus
617 1588 789 1653 fugam,
821 1588 1009 1649 Fabiana
1037 1588 1078 1635 se
1107 1588 1225 1635 acies
1250 1605 1411 1650 repen·

119 1671 186 1717 te,
209 1660 336 1706 velut
369 1661 491 1708 coelo
526 1661 802 1719 demissa,ad
826 1661 1044 1708 auxilium
1077 1658 1285 1708 ostendit.
1317 1662 1408 1707 Ita—

119 1750 230 1796 que,
253 1734 508 1798 priusquam
539 1736 594 1782 ad
613 1735 870 1799 conjefhzm
893 1736 973 1782 teli
993 1735 1169 1783 veniret
1185 1771 1199 1794 ,
1221 1746 1295 1781 aut
1313 1751 1406 1780 ma-

120 1822 228 1852 num
255 1807 509 1855 consereret
525 1845 540 1867 ,
562 1811 612 1856 &
641 1808 742 1854 suos
762 1825 786 1854 a
806 1808 908 1873 fuga
937 1807 1071 1855 effusa
1087 1844 1100 1868 ,
1121 1810 1171 1857 ὅ(
1189 1808 1244 1855 31)
1274 1807 1406 1872 nimis

121 1877 264 1927 feroci
288 1897 434 1945 pugna
454 1883 601 1930 hostes
620 1883 862 1931 continuit.
899 1883 977 1947 qui
995 1883 1151 1932 solutis
1170 1883 1408 1930 ordinibus

121 1967 235 2015 vage
263 1953 453 2017 dissipati
481 1968 631 2015 erant,
653 1956 854 2019 undique
886 1957 1191 2022 confugerunt
1218 1957 1273 2005 ad
1291 1956 1406 2002 inte-

121 2041 241 2087 gram
262 2025 399 2072 aciem
417 2044 430 2082 3
462 2028 541 2091 qui
561 2029 711 2091 plures
741 2028 868 2075 fimul
889 2040 1014 2093 terga
1031 2030 1245 2077 dederant
1259 2064 1273 2087 ,
1294 2045 1407 2076 con·-

123 2097 237 2143 verfi
265 2097 310 2143 in
335 2098 530 2160 hostem,
550 2101 877 2165 volventesque
906 2103 1088 2161 orbem,
1110 2118 1230 2149 nunc
1249 2100 1406 2148 senfim

123 2169 285 2217 referre
324 2173 511 2234 pedem,
548 2191 671 2222 nunc
710 2174 971 2239 conglobati
1006 2174 1182 2222 restare.
1225 2191 1279 2220 ac
1316 2172 1405 2235 jam

121 2260 265 2306 prope
296 2263 385 2292 una
411 2246 525 2294 acies
556 2247 583 2294 f
574 2249 665 2296 ieta
692 2261 801 2296 erat
807 2248 915 2297 victi
935 2261 1070 2314 atque
1090 2248 1252 2312 integri
1274 2264 1404 2295 exer-

121 2318 234 2365 citus
252 2319 628 2404 ,inferebantque
653 2323 805 2387 figna
795 2341 842 2370 111
872 2324 1079 2380 hostem3
1101 2341 1202 2371 cum
1231 2325 1403 2371 Poenus

120 2393 319 2454 receptui
355 2396 550 2455 cecinit,
582 2396 728 2459 palam
760 2397 931 2445 ferente
963 2397 1238 2455 Hannibale,
1270 2396 1326 2442 ab
1359 2395 1401 2443 se

124 2464 401 2527 Minucium,
422 2467 463 2515 se
487 2486 510 2515 a
542 2470 678 2517 Fabio
701 2469 884 2520 vietum.
916 2473 978 2518 lta
1007 2487 1086 2535 per
1107 2470 1278 2518 variam
1307 2468 1398 2517 for-
