1628 2890
169 150 257 195 104
526 131 1081 183 T1T1L1v11

159 238 373 302 politanis
398 236 612 300 accitus)
651 237 845 301 Neapoli
882 256 1066 303 quoque
1086 275 1100 298 ,
1136 239 1250 289 ficut
1281 242 1436 302 Nola}

160 313 346 369 omissa,
368 310 478 372 petit
509 311 767 358 Nuceriam.
799 329 895 359 eam
917 330 1018 360 cum
1044 312 1315 377 aliquamdiu
1345 316 1436 364 cir-

160 382 457 440 cumlediffet,
481 380 593 443 saepe
613 382 683 440 vi,
704 382 816 446 saepe
829 383 1119 431 sollicitandis
1134 385 1437 450 nequidquam

159 471 284 501 nunc
316 455 445 516 plebe
467 472 590 502 nunc
620 456 928 520 principibus,
962 457 1076 504 fame
1100 458 1308 505 demum
1297 477 1344 506 m
1363 461 1438 507 de-

160 528 380 573 ditionem
409 530 608 592 accepit,
632 531 809 592 paffiis,
841 544 891 578 ut
924 532 1114 578 inermes
1149 548 1253 578 cum
1283 532 1438 614 fingu-

158 599 214 644 lis
241 601 416 648 abirent
445 603 736 652 vestimentis.
770 605 957 661 deinde,
982 617 1032 652 ut
1056 605 1135 669 qui
1164 623 1189 651 a
1209 605 1437 669 principio

160 672 280 718 mitis
312 674 522 722 omnibus
560 677 753 735 Italicis,
792 691 951 740 praeter
986 678 1257 735 Romanos»,
1290 677 1438 726 videri

161 746 333 802 vellet,
372 748 552 808 praemia
583 760 716 811 atque
750 749 980 809 honores,
1015 750 1092 813 qui
1128 761 1438 808 remanerent,

159 837 212 867 ac
231 819 422 865 militare
446 820 593 867 secum
618 821 880 880 voluissent,
902 822 1153 885 proposuit.
1177 823 1272 868 Nec
1290 837 1341 867 ea
1364 819 1438 882 spe

160 909 416 956 quenquam
448 893 605 939 tenuit.
644 894 799 956 dilapsi
835 911 1022 951 omnes,
1049 910 1319 957 quocunque
1351 892 1438 938 ho·-

161 965 288 1028 {pitia
319 978 393 1011 aut
425 966 637 1013 fortuitus
667 967 804 1013 animi
826 967 1016 1029 impetus
1041 967 1169 1026 tulit,
1198 983 1276 1030 per
1298 968 1439 1012 Cam-

93 1078 98 1080 .
160 1039 308 1102 paniae
338 1040 467 1086 urbes
486 1076 499 1098 ,
532 1042 724 1108 maxime
750 1041 916 1087 Nolam
938 1041 1283 1104 Neapolimque.
1319 1041 1440 1086 Cum

162 1110 301 1157 serme
320 1112 500 1174 triginta
531 1113 778 1171 senatores,
809 1131 861 1160 ac
893 1113 1010 1159 forte
1029 1113 1199 1176 primus
1226 1111 1440 1175 quisque,

163 1185 362 1247 Capuam
392 1186 618 1246 petiffent3
650 1186 817 1233 exclusi
838 1186 969 1244 inde,
1000 1181 1125 1249 quod
1146 1193 1299 1248 portas
1314 1185 1442 1230 Han·
1500 1219 1509 1224 ..

163 1259 304 1308 nibali
333 1258 604 1317 clausissent,
631 1261 795 1306 Cumas
828 1259 870 1305 se
892 1258 1196 1305 contulerunt.
1233 1255 1441 1302 Nuceriae

162 1334 313 1396 praeda
347 1333 475 1378 militi
505 1334 602 1379 data
630 1332 714 1389 est,
745 1331 848 1379 urbs
880 1331 1051 1393 direpta
1088 1343 1222 1393 atque
1249 1327 1442 1374 incensa.

164 1405 335 1452 Nolam
363 1404 600 1450 Marcellus
632 1420 728 1450 non
759 1402 823 1448 sui
857 1401 992 1465 magis
1028 1400 1189 1448 fiducia
1220 1396 1442 1462 praesidii,

164 1497 300 1544 quam
325 1479 562 1525 voluntate
581 1478 835 1540 principum
853 1513 867 1535 ,
903 1476 1106 1522 habebat.
1144 1475 1294 1537 plebes
1314 1472 1442 1518 time-

164 1556 322 1611 batur,
349 1554 397 1600 δε
425 1565 526 1598 ante
551 1566 707 1598 omnes
736 1553 784 1598 L.
810 1549 1017 1608 Bantius,
1047 1565 1180 1612 quem
1206 1545 1444 1594 consensus

164 1640 392 1676 attentatae
415 1625 700 1681 defeffionis,
721 1641 769 1671 ac
788 1635 932 1670 metus
953 1641 977 1670 a
996 1633 1188 1684 praetore
1206 1621 1444 1674 Romano,

164 1717 289 1747 nunc
316 1699 371 1746 ad
404 1698 709 1762 prodEtionem
742 1696 927 1759 pati-ize,
956 1712 1104 1752 nunc,
1135 1695 1166 1739 fi
1194 1693 1248 1739 ad
1277 1691 1323 1737 id
1351 1690 1445 1736 for-

163 1785 272 1819 tuna
303 1770 524 1829 defuisset,
553 1770 609 1817 ad
628 1769 1009 1833 transfugiendum
1043 1766 1444 1817 stimulabanErat

163 1845 344 1909 juvenis
376 1861 500 1901 acer,
535 1845 583 1890 &
603 1842 829 1889 sociorum
850 1859 900 1888 ea
919 1840 1174 1902 tempestate
1192 1853 1335 1900 prope
1355 1851 1445 1881 no-

163 1918 399 1966 biliffimus
447 1933 595 1980 eques.
647 1915 910 1962 seminecem
950 1931 1050 1960 eum
1090 1913 1145 1959 ad
1182 1913 1359 1958 Cannas
1397 1909 1445 1954 in

165 2010 332 2042 acervo
355 1991 568 2039 caesorum
599 2007 845 2052 corporum
866 1990 1129 2043 inventum,
1151 1998 1444 2045 curatumque

163 2067 382 2129 benigne,
413 2065 543 2111 etiam
572 2081 674 2111 cum
696 2061 825 2108 donis
854 2061 1074 2108 Hannibal
1098 2061 1282 2105 domum
1305 2056 1443 2102 remi-

163 2140 290 2186 serat.
322 2139 383 2185 ob
411 2155 447 2198 e}
456 2155 502 2183 us
533 2136 715 2200 gratiam
746 2136 889 2181 meriti
918 2153 1010 2182 rem
1044 2135 1268 2180 Nolanam
1297 2132 1345 2177 in
1374 2128 1446 2191 jus

162 2213 384 2259 ditionem
390 2229 474 2273 que
494 2213 595 2257 daie
614 2229 644 2255 v
651 2210 825 2256 oluerat
846 2212 1021 2255 Poeno:
1049 2208 1324 2269 anxiumque
1342 2220 1445 2249 eum

165 2287 217 2332 &
252 2283 494 2330 sollicitum
531 2279 638 2328 cur}
673 2282 875 2327 novandi
914 2298 981 2326 res
1011 2293 1181 2341 praetor
1220 2276 1444 2325 cernebat.

164 2359 374 2405 Ceterum
392 2392 405 2412 ,
430 2373 533 2402 cum
560 2366 635 2400 aut
655 2363 791 2416 poena
812 2353 1090 2399 cohibendus
1115 2350 1244 2406 effer,
1274 2361 1347 2394 aut
1367 2347 1446 2392 be-

167 2429 331 2478 neficio
349 2428 658 2477 conciliandus
670 2463 684 2488 ,
700 2422 779 2473 sibi
796 2424 1025 2473 ass'umsiffe
1034 2460 1047 2485 ,
1064 2440 1197 2488 quam
1212 2420 1329 2468 hosti
1345 2418 1447 2466 ade·
