1628 2890
217 171 791 220 HISTORIARUM
840 170 964 217 LIB.
1000 169 1204 230 XXIII.
1277 183 1364 230 109

148 279 313 324 XVIII.
351 275 576 324 Hannibal
609 293 709 322 cum
737 275 825 336 jam
855 274 958 321 inde
977 274 1094 321 haud
1113 274 1274 337 procul
1295 273 1364 321 es-

82 349 178 408 set,
210 350 416 397 Gaetulos
445 366 544 396 cum
565 347 774 410 praefecto
793 383 808 403 ,
841 347 1028 393 nomine
1060 346 1217 404 Isalca,
1249 363 1365 409 prae-

84 421 243 468 mittit:
271 438 323 468 ac
344 420 492 483 primo
508 456 521 478 ,
543 420 572 466 fi
592 419 668 465 fiat
688 410 1089 481 colloquii'copia,
1115 419 1267 466 verbis
1288 418 1366 465 be·

83 493 232 557 nignis
256 493 309 540 ad
326 504 479 555 portas
498 490 758 555 aperiendas
777 490 1119 555 praefidiumque
1138 491 1366 554 accipien-

82 565 192 611 dum
213 564 433 627 perlicere·
449 563 573 626 jubet
592 581 603 609 :
625 562 654 608 fi
675 563 721 609 in
750 563 992 625 pertinacia
1020 564 1241 627 perstent,
1270 581 1365 612 rem

46 656 49 660 ⁴
78 652 234 699 gerere
257 653 308 683 ac
335 647 531 692 tentare,
549 635 581 681 s1
603 651 689 698 qua
707 651 830 698 parte
850 635 1060 682 invadere
1079 638 1235 683 urbem
1257 636 1366 699 pos-

80 706 150 754 fit.
183 708 272 754 Ubi
300 708 356 754 ad
386 708 555 754 moenia
593 707 830 765 accessere,
861 707 963 771 quia
993 708 1212 754 silentium
1242 719 1361 767 erat,

81 780 283 828 solitudo
313 781 425 837 visa;
446 793 662 844 metuquev
686 782 942 829 concefl'um
976 781 1187 828 barbarus
1202 794 1335 830 'ratus
1351 817 1368 842 ‚

78 853 232 900 moliri
259 866 408 917 portas
432 855 482 900 &
504 853 689 900 claustra
706 853 948 917 refringere
965 865 1114 916 parat:
1142 871 1239 899 cum
1255 890 1268 912 ,
1286 871 1362 916 pa·

79 926 250 973 tefaffis
275 939 459 990 repente
482 926 625 990 portis
642 962 658 985 ,
691 927 904 974 cohortes
922 927 1020 973 (Iuae
1038 962 1052 984 ‚
1082 927 1137 973 ad
1157 926 1201 971 id
1222 927 1363 988 ipsum

80 998 304 1046 insti-uclae
338 1001 488 1057 intus,
529 998 698 1062 ingenti
729 1017 830 1047 cum
866 999 1059 1046 tumultu
1096 1011 1363 1061 erumpunt,

36 1120 39 1123 ,
81 1072 360 1137 stragemque
394 1072 590 1119 hostium
628 1072 814 1120 faciunt.
859 1075 921 1119 Ita
957 1071 1112 1136 primis
1150 1071 1332 1133 repulsis
1347 1107 1363 1131 ,

79 1142 339 1204 Maharbal,
356 1164 456 1193 cum
478 1145 648 1208 maj0re
666 1146 837 1192 robore
855 1145 1060 1192 virorum
1081 1144 1231 1189 miffus
1245 1178 1259 1197 ,
1281 1160 1364 1192 nec

78 1216 170 1277 ipse
184 1217 470 1277 eruptionem
485 1217 746 1263 cohortium
764 1210 980 1259 sustinuit.
997 1210 1224 1273 postremo
1240 1210 1365 1255 Han-

79 1288 226 1348 nibal,
246 1287 392 1336 castris
413 1299 514 1333 ante
531 1286 622 1350 ipsa
638 1286 810 1333 moenia
824 1283 1067 1347 oppofitis,
1083 1300 1269 1346 parvam
1287 1300 1363 1329 ur-

78 1361 181 1408 bem
207 1375 489 1424 parvumque
516 1357 770 1420 praefidium
798 1356 966 1405 summa
989 1356 1192 1419 viatque
1210 1357 1364 1403 omni-

77 1434 160 1481 bu's
181 1434 327 1497 copiis
356 1448 618 1495 oppugnare
646 1440 783 1493 parat.
821 1447 899 1486 ac,
929 1430 1036 1476 dum
1066 1429 1196 1476 instat
1228 1430 1361 1477 laces-

80 1508 250 1569 fitque,
282 1521 455 1552 corona
479 1504 676 1566 undique
698 1501 982 1548 circumdatis
1003 1502 1230 1549 moenibus
1245 1538 1258 1560 ,
1283 1503 1363 1548 ali-

80 1592 198 1644 quot
231 1578 392 1625 milites
424 1579 473 1625 &
503 1576 846 1639 promtiffimum
881 1590 1138 1638 quemque,
1174 1579 1197 1620 e
1227 1588 1361 1621 muro

80 1651 365 1715 turribusque
395 1651 538 1708 iilos,
571 1648 726 1696 amisit.
761 1648 905 1694 Semel
926 1647 1047 1694 ultro
1078 1659 1361 1709 erumpentes

81 1724 254 1789 agmine
287 1724 629 1787 elephantorum
660 1721 873 1784 opposito
910 1736 1053 1783 prope
1085 1719 1359 1779 interclusit,

81 1798 372 1862 trepidosque
409 1796 630 1860 compulit
663 1795 708 1841 in
740 1794 928 1851 urbem,
962 1792 1060 1839 satis
1094 1792 1274 1848 multis,
1308 1804 1358 1839 ut

81 1889 138 1919 ex
172 1883 291 1919 tanta
324 1869 575 1933 paucitate,
604 1867 859 1915 interfectis.
890 1865 1039 1929 plures
1070 1864 1359 1922 cecidiss'ent‚

82 1947 130 1992 ni
161 1962 256 1991 nox
291 1944 458 2007 proelio
486 1940 801 1989 intervenisset
835 1938 1020 1986 Postero
1047 1937 1118 1983 die
1153 1936 1359 1983 omnium

81 2018 153 2065 ani
158 2018 219 2063 mi
250 2017 305 2064 ad
331 2015 682 2079 oppugnandum
708 2011 1042 2066 accenduntur3
1065 2010 1219 2071 utique
1237 2009 1358 2072 post-

83 2084 220 2155 quam
253 2107 427 2138 corona
461 2107 591 2136 aurei
622 2087 801 2134 muralis
834 2085 1063 2149 proposita
1096 2085 1190 2142 est,
1223 2096 1358 2146 atque

82 2163 175 2228 ipse
206 2164 296 2210 dux
329 2163 519 2222 castelli,
558 2163 695 2226 plano
729 2161 836 2208 loco
862 2159 1027 2224 positi,
1062 2159 1235 2222 segnem
1270 2175 1358 2220 op-

81 2237 409 2301 pugnationem
429 2235 611 2300 Sagunti
630 2233 1010 2298 expugnatoribus
1036 2232 1359 2296 exprobrabat,

81 2311 335 2355 Cannarum
371 2308 707 2372 Trasimenique
744 2308 793 2354 &
830 2306 1007 2355 Trebiae
1042 2304 1242 2368 singulos
1276 2306 1357 2352 ad-

83 2399 274 2429 monens
303 2380 637 2444 universosque.
674 2381 777 2427 Inde
798 2380 945 2427 vineae
975 2393 1159 2441 quoque
1193 2389 1357 2439 coeptae

81 2457 155 2521 agi
186 2455 498 2520 cuniculique:
542 2470 626 2503 nec
662 2453 718 2501 ad
748 2451 901 2503 varios
936 2463 1123 2500 conatus
1160 2449 1355 2497 hostium
