1628 2890
225 99 330 160 368,
574 95 1140 145 T1T1L1V11

224 206 278 265 li;
296 203 526 267 catapultae
543 202 752 250 maximae
771 202 929 251 formae
947 217 1126 252 centum
1145 204 1333 269 viginti,
1352 203 1504 253 minoe·-

223 297 293 327 res
321 279 524 324 ducentae
548 276 780 339 oftoginta
802 278 852 324 ὃ(
872 295 959 323 una
981 296 990 324 :
1012 278 1193 325 ballistae
1213 277 1403 340 majores
1425 278 1502 326 vi-n

225 351 338 416 ginti
359 362 446 397 tres
460 385 473 407 ,
497 348 697 396 minores
719 350 1043 414 quinquaginta
1063 351 1159 398 duae
1181 369 1191 399 :
1212 352 1505 414 scorpionum

221 424 445 487 majorum
476 423 819 487 minorumque,
855 427 903 472 ὅ(
933 442 1163 472 armorum
1198 426 1504 490 telorumque,

221 499 379 562 ingens
398 514 629 545 numerus:
651 497 768 560 ligna
784 498 994 545 militaria
1008 498 1281 562 septuaginta
1294 515 1505 563 quatuor.

222 577 280 624 Et
315 573 410 620 auri
447 571 708 636 argentique
740 571 875 618 relata
909 572 963 618 acl
997 571 1310 633 imperatorem
1350 589 1505 635 magna

219 647 313 695 vis:
339 658 497 708 paterae
515 662 661 692 aureae
681 644 862 691 fuerunt
883 644 1089 690 ducentae
1111 643 1386 709 septuaginta
1406 645 1504 703 sex,

221 718 358 768 libras
378 719 515 766 ferme
534 736 693 765 omnes
714 719 870 780 pondo
891 736 901 764 :
936 717 1105 780 argenti
1131 717 1233 763 faffl
1261 717 1507 782 signatique

221 794 378 840 decem
403 793 454 838 &
481 791 587 837 οξὶο
610 789 750 836 millia
783 789 832 836 δε
856 801 1052 835 trecenta
1081 789 1262 850 pondo:
1294 789 1508 838 vasorum

222 877 536 929 argenteorum
562 879 747 927 magnus
769 878 990 908 numerus.
1020 862 1130 908 Haec
1157 861 1311 908 omnia
1339 862 1392 908 C.
1413 862 1508 909 Fla-

221 938 367 986 minio
400 934 612 999 quaestori
648 932 840 997 appensa
876 944 1253 996 annumerataque
1282 933 1392 981 sunt.
1422 934 1507 979 tri-

225 1012 304 1058 tici
337 1008 625 1073 quadraginta
657 1007 798 1053 millia
844 1006 1081 1062 modium,
1118 1007 1278 1053 hordei
1315 1008 1508 1054 ducenta

224 1082 514 1148 septuaginta.
551 1083 704 1128 Naves
732 1080 949 1126 onerariae
968 1080 1193 1143 sexaginta
1213 1092 1299 1127 tres
1330 1081 1377 1126 in
1398 1097 1509 1143 por—

222 1171 275 1206 tu
305 1165 570 1219 expugnatae
600 1165 853 1215 captaeque:
887 1153 1092 1215 quaedam
1114 1169 1216 1199 cum
1243 1153 1328 1199 suis
1357 1153 1508 1199 oneri-

223 1231 309 1279 bus
323 1266 335 1286 ‚
366 1229 593 1275 frumento
608 1261 622 1284 ,
653 1225 808 1281 armis,
829 1242 914 1271 aere
936 1237 1147 1287 praeterea
1163 1225 1410 1289 ,ferroque
1425 1261 1437 1283 ,
1457 1227 1508 1273 &

223 1303 403 1361 linteis,
439 1302 489 1348 δέ
520 1299 701 1361 sparto,
730 1300 779 1346 &
808 1297 959 1347 navali
994 1298 1077 1360 alia
1106 1298 1291 1345 materia
1313 1298 1369 1344 ad
1397 1297 1508 1345 clas·

225 1377 314 1424 sem
336 1373 665 1422 aedificandam:
688 1384 736 1418 ut
759 1372 992 1418 minimum
1014 1362 1217 1417 omnium
1237 1407 1250 1429 ,
1273 1371 1389 1418 inter
1406 1383 1508 1417 tan-

224 1463 292 1498 tas
313 1466 424 1511 opes
449 1447 556 1494 belli
578 1458 752 1510 captas,
777 1446 1005 1508 Carthago
1031 1444 1120 1507 ipsa
1152 1444 1297 1491 fuerit.
1566 1439 1569 1442 ’

291 1525 490 1571 XLvm.
525 1524 592 1568 Eo
621 1521 691 1566 die
715 1519 893 1581 Scipio,
919 1520 972 1566 C.
990 1519 1130 1565 Laelio
1149 1536 1249 1565 cum
1276 1517 1406 1566 sociis
1427 1535 1510 1565 na·-

227 1596 405 1647 evalibus
435 1594 593 1640 urbem
615 1592 838 1639 custodire
859 1591 970 1652 jusso
986 1627 1000 1650 ‚
1030 1590 1121 1654 ipse
1141 1591 1187 1636 in
1214 1589 1351 1637 castra
1369 1587 1510 1653 legio-

222 1687 310 1719 nes
329 1667 526 1715 reduxit:
556 1664 773 1727 fessosque
794 1664 955 1710 milites
974 1664 1184 1710 omnibus
1201 1680 1296 1710 uno
1314 1663 1383 1709 die
1403 1662 1509 1709 belli

228 1741 440 1805 operibus
472 1738 670 1804 (quippe
699 1737 775 1802 qui
804 1738 854 1784 &
880 1737 976 1783 acie
1012 1736 1311 1793 dimicassent,
1344 1738 1395 1783 &
1433 1754 1510 1783 ca—

227 1815 393 1880 pienda
412 1813 522 1859 urbe
544 1824 718 1858 tantum
746 1810 910 1857 laboris
929 1810 1208 1876 periculique
1227 1810 1438 1868 adissent,
1458 1811 1511 1857 &

225 1900 361 1950 capta
377 1922 390 1943 ,
423 1902 524 1932 cum
554 1884 634 1941 iis,
655 1883 733 1947 qui
759 1884 804 1929 in
829 1900 974 1929 arcem
995 1882 1319 1946 confugerant,
1348 1882 1511 1945 iniquo

223 1961 366 2007 etiam
387 1958 494 2004 loco
513 1954 806 2020 pugnassent)
828 1972 978 2003 curare
1000 1973 1193 2018 corpora
1210 1955 1340 2019 juffit.
1362 1955 1511 2000 Poste·

226 2047 284 2078 :ro
314 2030 384 2076 die
405 2065 419 2088 ‚
455 2029 671 2075 militibus
702 2027 1022 2090 navalibusque
1054 2028 1185 2075 sociis
1217 2027 1511 2085 convocatis,

229 2103 427 2166 primum
443 2102 546 2148 Diis
565 2099 891 2147 immortalibus
910 2099 1146 2162 laudesque
1167 2100 1217 2145 ὅ(
1235 2110 1376 2161 grates
1395 2097 1511 2160 egit,

229 2174 311 2236 qui
342 2173 382 2218 se
413 2189 508 2219 non
535 2173 658 2218 urbis
687 2171 829 2217 solum
860 2171 1200 2234 opulentiffimae
1225 2170 1430 2216 omnium
1464 2169 1514 2216 in

230 2245 445 2308 Hispania
474 2263 568 2293 uno
595 2246 664 2292 die
694 2257 955 2307 compotem
986 2243 1211 2301 fecissent,
1240 2242 1311 2288 sed
1330 2253 1431 2287 ante
1453 2258 1511 2287 eo

231 2318 543 2381 congeffifl'ent
577 2317 725 2363 omnis
762 2333 889 2378 paene
925 2314 1088 2361 Africae
1125 2327 1267 2377 atque
1288 2312 1512 2375 Hispaniae

235 2407 369 2456 opes:
401 2403 451 2439 ut
478 2407 626 2456 neque
655 2389 854 2437 hostibus
887 2388 1133 2452 quidquam
1159 2386 1512 2451 relinqueretur,
