1628 2890
279 123 828 175 HISTORIARUM
862 130 990 177 ΜΒ.
1025 132 1239 179 xxvu.
1309 150 1402 196 397

118 232 398 281 Bruttiorum
418 235 614 281 indidem
635 235 859 300 perfugae,
896 239 945 285 ὅ(
963 239 1146 286 audacia
1167 242 1217 288 ὅ(
1235 242 1402 288 auden-

117 304 163 350 di
178 307 331 352 omnia
344 309 670 355 neceffitatibus
689 326 827 371 pares.
856 311 983 357 Hanc
1002 329 1184 359 manum
1205 315 1260 361 ad
1274 316 1401 360 Brut-

117 376 231 424 tium
251 380 442 440 primum
466 398 619 441 agrum
649 383 1018 445 depopulandum
1045 386 1146 432 duci
1164 386 1305 448 juffit,
1325 387 1400 433 in-

117 449 174 496 de
202 451 258 496 ad
289 452 558 500 Cauloniam
592 453 749 500 urbem
785 457 1143 518 oppugnandam.
1181 461 1399 522 Imperata

118 537 217 567 non
239 522 426 586 impigre
447 524 591 571 solum
609 561 624 582 ,
654 525 727 571 sed
747 526 880 572 etiam
898 527 1058 585 avide,
1083 529 1306 589 exsecuti,
1327 533 1399 578 di-

118 594 255 655 reptis
279 594 525 660 fugatisque
550 596 800 644 cultoribus
829 599 953 661 agri,
981 599 1151 647 summa
1169 602 1215 649 vi
1241 603 1398 652 urbem

118 668 454 729 oppugnabant.
489 669 756 727 MarcelluS‚
791 672 841 717 &
875 671 1071 718 consulis
1101 672 1241 720 literis
1270 676 1397 722 exci-

117 750 188 785 tus
207 775 221 796 ‚
255 743 304 788 &
339 741 442 804 quia
471 742 531 787 ita
568 742 615 788 in
646 742 846 789 animum
877 742 1142 803 induxerat,
1170 747 1398 795 neminem

117 810 279 859 ducem
305 814 558 860 Romanum
586 826 673 861 tam
693 831 841 876 parem
863 816 1133 875 Hannibali,
1162 834 1297 881 quam
1321 819 1363 868 se
1379 856 1398 880 ‚

118 883 229 941 effe,
256 884 334 931 ubi
360 886 555 947 primum
579 885 624 931 in
644 886 760 949 agris
779 887 931 948 pabuli
961 888 1095 950 copia
1120 888 1229 947 fuit,
1250 908 1307 937 ex
1327 893 1397 939 hi-

116 955 267 1003 bernis
296 956 520 1019 profeRuS
545 993 557 1013 ‚
588 958 642 1004 ad
661 958 903 1005 Canusium
922 959 1159 1006 Hannibali
1182 965 1398 1014 occurrit.

115 1029 391 1077 Sollicitabat
419 1031 473 1077 ad
502 1029 797 1078 defectionem
824 1033 1072 1080 Canusmos
1102 1035 1286 1084 Poenus.
1320 1056 1397 1086 ce-

114 1114 258 1147 terum
272 1138 285 1160 ,
308 1115 356 1149 ut
377 1104 744 1168 appropinquare
759 1098 1026 1153 Marcellum
1044 1108 1234 1166 audivit,
1256 1111 1396 1160 castra

113 1175 217 1222 inde
237 1176 397 1223 movit.
426 1179 591 1238 Aperta
612 1193 705 1225 erat
724 1179 847 1241 regio
864 1215 877 1237 ‚
900 1179 990 1225 fine
1014 1180 1115 1226 ullis
1144 1183 1198 1227 ad
1220 1184 1395 1235 infidias

112 1246 321 1304 latebris;
348 1249 499 1311 itaque
521 1249 568 1294 in
592 1250 696 1296 loca
722 1250 908 1296 saltuosa
928 1252 1085 1297 cedere
1115 1253 1218 1300 inde
1238 1258 1395 1319 coepit.

114 1321 357 1368 Marcellus
375 1321 572 1384 vestigiis
601 1322 818 1381 instabat,
848 1324 1071 1387 castraque
1097 1325 1246 1374 castris
1278 1345 1396 1376 con-

113 1393 309 1440 ferebat:
340 1396 414 1451 &‚
436 1410 574 1456 opere
595 1394 824 1456 perfecto,
849 1397 1080 1459 extemplo
1100 1398 1146 1444 in
1165 1401 1309 1447 aciem
1330 1402 1395 1448 Ie-

111 1466 271 1530 giones
307 1466 537 1514 educebat.
573 1469 828 1527 Hannibal,
856 1472 1084 1517 turmatim
1118 1489 1197 1533 per
1222 1475 1394 1537 equites

111 1541 403 1604 peditumque
432 1540 695 1602 jaculatores
721 1544 841 1590 levia
862 1546 1100 1592 certamina
1118 1546 1262 1594 serens
1276 1586 1290 1607 ,
1309 1567 1395 1601 *ca-

111 1614 208 1662 sum
231 1614 452 1662 universae
474 1633 631 1680 pugnae
651 1634 746 1663 non
766 1618 1053 1664 necessarium
1075 1620 1277 1669 ducebat.
1304 1640 1393 1669 tra-

112 1687 205 1734 &us
225 1687 285 1733 est
304 1700 451 1734 tamen
473 1689 611 1746 adid,
630 1690 757 1753 quod
777 1691 971 1749 vitabat,
986 1704 1224 1740 certamen,
1246 1697 1286 1740 N
1292 1697 1392 1743 octe

109 1760 394 1823 praegrefl'um
437 1761 678 1825 affequitur
716 1764 829 1810 locis
863 1765 1007 1826 planis
1044 1783 1096 1811 ac
1136 1769 1393 1829 patentibus

111 1831 365 1878 Marcellus.
398 1831 533 1878 castra
560 1832 663 1879 inde
682 1850 954 1897 ponentem,
976 1839 1220 1899 pugnando
1260 1840 1392 1886 undi-

108 1922 194 1968 que
212 1905 259 1951 in
279 1907 529 1954 munitores
543 1943 557 1966 ,
578 1911 791 1971 operibus
811 1911 1036 1974 prohibet.
1071 1916 1135 1959 Ita
1154 1913 1272 1975 signa
1293 1915 1392 1960 col-

109 1979 221 2036 lata,
253 1992 588 2043 pugnatumque
617 1982 726 2028 totis
753 1984 923 2045 copiis:
952 1986 1031 2040 &‚
1061 2003 1163 2032 cum
1184 1984 1268 2046 jam
1291 2003 1388 2033 nox

109 2050 289 2097 instaret
303 2087 317 2108 ,
337 2055 480 2097 Marte
500 2069 634 2116 aequo
660 2054 889 2101 discessum
917 2055 995 2104 est.
1033 2056 1171 2102 castra
1186 2092 1199 2113 ‚
1219 2056 1388 2120 exiguo

110 2121 316 2168 distantia
353 2123 492 2185 spatio
515 2160 529 2182 ,
566 2126 729 2187 raptim
766 2140 869 2172 ante
903 2129 1081 2174 noelem
1119 2131 1388 2190 permunita.

109 2195 295 2242 Postero
327 2198 396 2242 die
420 2197 519 2244 luce
546 2200 689 2261 prima
716 2201 955 2248 Marcellus
987 2202 1032 2248 in
1058 2203 1198 2249 aciem
1233 2205 1389 2266 copias

107 2268 275 2315 eduxit.
310 2287 391 2317 nec
417 2272 643 2318 Hannibal
670 2274 930 2321 detrectavit
957 2290 1210 2336 certamen,
1235 2280 1386 2324 multis

107 2341 257 2387 verbis
291 2343 548 2390 adhortatus
584 2346 775 2405 milites,
812 2352 904 2405 Ut,
937 2368 1129 2396 memores
1164 2352 1388 2415 Tmstmeni

112 2415 427 2479 clamatumque
440 2452 455 2478 ,
493 2424 782 2470 contunderent
819 2423 1026 2483 ferociam
1069 2427 1204 2490 hostis.
1248 2442 1387 2485 urgere
