1628 2890
156 127 270 189 96
569 123 1127 172 T1T1L1V11

191 233 310 299 ficut
321 248 401 293 pro
421 247 458 276 te
481 232 600 275 hodie
626 234 861 277 valuerunt.
887 230 1212 279 Lacrimantem
1233 230 1338 279 inde
1354 231 1492 294 inve-2

202 323 310 353 nem
331 319 517 352 cernens
533 338 547 360 ‚
568 301 766 348 medium
796 303 1134 366 complectitur,
1152 317 1285 368 atque
1298 341 1311 364 ‚
1330 305 1490 355 osculo

202 379 376 426 haerens
389 413 404 433 ,
424 392 521 423 non
545 387 647 422 ante
675 375 887 438 precibus
907 377 1097 437 abstitit,
1113 396 1245 443 quam
1265 379 1459 442 pervicit
1474 414 1490 438 ‚

204 464 258 497 ut
293 449 488 513 gladium
522 461 741 512 poneret,
772 449 995 515 fidemque
1030 453 1178 511 daret,
1207 453 1317 500 nihil
1348 453 1489 500 saclu-

201 539 303 570 sum
333 522 430 569 tale.
461 522 580 569 Tum
605 521 783 583 juvenis
798 559 812 581 ,
837 527 933 586 Ego
955 528 1143 586 quidem,
1168 524 1340 589 inquit,
1360 545 1488 587 quam

197 600 347 659 patriae
388 599 508 642 debeo
529 632 544 654 ,
570 599 767 658 pietatem
799 599 1013 659 exsolvam
1042 603 1171 660 patri.
1218 616 1334 645 tuam
1368 603 1486 646 doleo

201 675 358 727 ricem,
383 673 450 716 cui
476 686 536 716 ter
553 673 733 734 proditae
746 674 894 731 patriae
912 672 1199 736 ficstirzendum
1228 673 1281 739 ‹3st
1303 675 1451 719 crimen
1465 689 1486 726 ,⁸

194 746 352 805 Jemel,
385 760 476 787 cum
506 742 742 800 defec‘lionis
760 745 812 787 ab
832 744 1068 798 Romam
1094 746 1264 800 iterum,
1291 762 1380 789 cum
1401 762 1487 804 pa·-

201 820 264 863 cis
305 833 396 861 cum
432 816 678 861 Hannibale
703 813 827 879 filssi
862 815 1031 871 au30r;
1062 819 1179 862 tertio
1214 819 1364 873 hodie,
1395 835 1486 861 cum

202 890 447 954 restituendae
484 889 693 932 Romanis
732 891 880 947 Capuae
915 907 1030 934 mora
1063 905 1183 949 atque
1214 892 1486 950 impedimen-

201 981 289 1009 tum
314 979 368 1007 es.
407 962 473 1004 Tu
488 995 501 1016 ‚
519 962 664 1020 patria
679 959 885 1018 ,fimum
905 979 984 1021 quo
1006 980 1087 1021 pro
1105 978 1141 1007 te
1163 978 1350 1007 armatus
1378 963 1486 1007 hanc

201 1053 334 1082 arcem
355 1032 563 1091 defendere
581 1037 768 1078 volebam
782 1067 796 1089 ‚
816 1033 921 1099 hosti
937 1035 1106 1078 minime
1123 1051 1322 1094 parcens,
1349 1051 1486 1093 quan-

203 1111 260 1153 do
288 1123 444 1168 parens
471 1120 708 1164 extorquet,
740 1106 878 1164 recipe.
909 1104 1018 1150 Haec
1045 1121 1146 1150 cum
1171 1103 1369 1160 dixisset,
1393 1103 1485 1167 gla-

202 1179 330 1225 dium
368 1176 414 1222 in
446 1174 674 1237 publicum
712 1186 832 1221 trans
866 1174 1103 1221 maceriam
1141 1176 1261 1222 horti
1292 1174 1488 1235 abjecit:

202 1253 278 1307 &‚
307 1265 400 1313 quo
427 1248 574 1295 minus
599 1263 669 1295 res
696 1247 891 1311 suspecta
917 1248 1049 1306 esset,
1073 1247 1225 1311 seipse
1253 1247 1482 1296 convivio

199 1323 407 1372 reddidit.

267 1397 330 1443 X.
349 1394 532 1442 Postero
553 1393 624 1440 die
645 1391 817 1440 senatus
842 1392 1052 1456 frequens
1071 1393 1199 1440 datus
1226 1393 1482 1443 Hannibali.

201 1470 282 1516 ubi
308 1469 447 1531 prima
476 1465 570 1529 ejus
603 1466 753 1513 oratio
785 1465 1028 1528 perblanda
1062 1483 1116 1512 ac
1147 1466 1340 1529 benigna
1367 1467 1483 1527 fuit,

199 1561 291 1607 qua
322 1540 482 1606 gratias
512 1540 603 1603 egit
637 1539 906 1602 Campanis,
927 1540 1054 1602 quod
1087 1540 1326 1587 amicitiam
1361 1541 1482 1590 suam

198 1617 422 1661 Romana:
455 1612 656 1660 societati
690 1611 1024 1676 praeposuissent
1052 1631 1062 1659 z
1098 1615 1147 1660 &
1181 1613 1297 1659 inter
1333 1626 1481 1662 cetera

199 1685 437 1751 magnifica
469 1686 678 1749 promissa
715 1685 972 1748 pollicitus,
1011 1685 1139 1733 brevi
1176 1699 1309 1749 caput
1343 1688 1481 1734 Italiae

198 1759 328 1807 omni
357 1760 559 1821 Capuam
582 1757 708 1817 fore,
728 1757 911 1821 juraque
932 1758 1035 1804 inde
1068 1776 1170 1806 cum
1201 1758 1357 1806 ceteris
1391 1778 1481 1822 po·-

197 1832 314 1896 pulis
333 1831 592 1876 Romanum
617 1831 748 1877 etiam
769 1829 1027 1891 petiturum.
1047 1834 1200 1877 Unum
1217 1830 1301 1876 effe
1322 1830 1481 1877 exsor-

196 1919 289 1952 tem
310 1902 492 1950 Punicae
515 1902 724 1949 amicitiae
745 1901 1011 1965 foederisque
1033 1902 1178 1949 secum
1195 1900 1323 1958 faffl,
1342 1918 1478 1965 quem

198 1992 345 2038 neque
362 1973 444 2020 esse
461 1975 765 2034 Campanum,
786 1990 932 2037 neque
954 1973 1043 2020 dici
1068 1973 1227 2020 debere
1241 2009 1256 2030 ‚
1277 1972 1479 2037 Magium

198 2050 410 2097 Decium.
442 2065 542 2094 eum
564 2046 808 2109 postulare,
830 2059 879 2093 ut
898 2046 976 2093 fibi
997 2047 1207 2104 dedatur,
1227 2063 1279 2093 ac
1300 2045 1341 2092 se
1359 2063 1479 2109 prae-

198 2122 318 2168 sente
354 2122 408 2168 de
442 2137 500 2167 eo
532 2120 773 2180 referatur,
809 2120 1067 2183 senatusque
1102 2119 1354 2166 consultum
1387 2119 1480 2168 fiat.

198 2199 372 2242 Omnes
403 2195 448 2240 in
475 2212 570 2242 eam
600 2195 861 2241 sententiam
891 2195 1068 2241 ierunt:
1095 2210 1349 2258 quanquam
1382 2210 1478 2239 ma-

196 2287 309 2334 gnae
344 2269 457 2332 parti
486 2271 535 2316 &
567 2269 639 2315 vir
669 2268 877 2332 indignus
905 2285 956 2314 ea
985 2269 1259 2324 calamitate,
1280 2269 1330 2314 δε
1358 2267 1478 2314 haud

196 2360 338 2406 parvo
357 2342 489 2389 initio
510 2342 653 2388 minui
675 2340 935 2388 videbatur
925 2358 992 2402 jus
1010 2340 1202 2387 libextati
1191 2357 1242 2387 s.
1274 2339 1478 2404 Egressus

195 2417 344 2476 curia,
363 2417 410 2463 in
433 2417 603 2481 templo
624 2415 899 2480 maoistratus
918 2413 1152 2469 consedi13
1171 2414 1476 2476 comprehen—
