1628 2890
235 156 325 199 242
584 135 1145 184 T1T1L1V11

231 249 342 293 urbe
376 260 508 292 muto
529 245 579 292 Se
608 242 719 290 fossa
750 242 923 307 ingenti
943 243 1110 306 septam
1138 242 1341 303 videret,
1371 259 1521 310 eoque

231 338 315 368 nee
347 320 397 366 vi
416 356 430 375 ‚
461 335 544 364 nec
578 317 794 380 operibus
828 318 1173 380 expugnabilem
1204 318 1318 375 effe3
1355 336 1411 366 ne
1441 329 1520 366 aut

229 393 271 439 se
299 391 444 454 ipsum
468 406 574 437 cura
593 389 749 436 tuendi
773 389 1049 436 Tarentinos
1069 407 1092 436 a
1110 389 1356 452 majoribus
1382 391 1519 438 rebus

230 475 486 512 moraretur
503 499 517 522 ‚
539 474 617 510 aut
636 462 683 508 in
709 462 891 510 reli&os
917 462 1007 509 fine
1026 462 1183 511 valido
1199 463 1409 526 >praefidio
1428 463 1518 509 Ta-

227 538 436 585 rentinos
465 538 685 600 impetum
715 550 773 583 ex
802 552 902 583 arce
921 572 936 595 ,
968 553 1069 584 cum
1096 536 1294 597 vellent,
1320 535 1519 583 Romani

227 611 457 670 facerent,
491 610 613 657 vallo
645 609 800 656 urbem
828 609 883 656 ab
915 625 1017 657 arce
1044 608 1300 672 intersepire
1333 609 1481 656 statuit
1501 627 1515 656 :

228 701 326 730 non
356 684 446 730 fine
480 683 557 730 illa
587 683 721 730 etiam
749 682 854 744 spe,
885 699 990 729 cum
1016 682 1361 745 prohibentibus
1395 697 1515 744 opus

227 757 448 831 Romanis
469 773 652 804 manum
676 756 799 819 pofl'e
819 754 1019 811 conseri3
1041 757 1115 813 &,
1143 754 1174 800 fi
1193 755 1388 802 ferocius
1408 764 1517 813 proi

227 829 547 887 cucurriffent,
579 843 739 894 magna
769 830 889 876 caede
913 829 970 875 ita
991 827 1210 875 attenuari
1230 827 1420 890 praefidii
1439 827 1516 872 vi-

223 919 295 949 res
316 939 329 961 ‚
364 914 414 949 ut
448 900 578 949 facile
607 919 686 965 per
723 901 765 948 se
795 900 876 963 ipfi
908 899 1144 947 Tarentini
1181 899 1338 945 urbem
1370 899 1425 945 ab
1459 899 1513 945 iis

224 974 340 1021 tueri
370 975 559 1037 poffent.
600 974 691 1021 Ubi
721 984 922 1036 coeptum
954 989 1068 1034 opus
1097 971 1187 1031 est,
1209 971 1420 1035 patefael‘a
1441 989 1512 1019 re-

222 1059 358 1111 pente
384 1041 550 1110 porta}
571 1049 617 1092 in
645 1047 897 1093 munientes
928 1046 1144 1108 impetum
1183 1044 1389 1092 fecerunt
1414 1046 1508 1091 Ro-

222 1118 373 1166 mani:
406 1117 602 1180 pellique
635 1116 675 1162 se
709 1115 840 1161 statio
861 1115 975 1178 paffa
1005 1115 1097 1171 est,
1128 1132 1230 1178 quae
1257 1131 1343 1177 pro
1370 1132 1510 1179 opere

222 1203 345 1248 erat,
386 1202 435 1235 ut
468 1188 666 1235 succeffu
700 1186 916 1234 cresceret
947 1187 1156 1247 audacia,
1188 1188 1422 1251 pluresque
1457 1189 1509 1237 δε

220 1264 402 1325 longius
440 1254 592 1323 pulses
637 1259 1020 1323 persequerentur.
1068 1260 1190 1306 Tum
1229 1260 1356 1323 figno
1400 1262 1506 1309 <lato

220 1335 375 1383 coorti
403 1334 604 1397 undique
625 1331 759 1379 Poeni
788 1332 915 1389 sunt,
943 1348 1058 1395 quos
1079 1332 1315 1380 instruEtOS
1339 1334 1394 1379 ad
1417 1334 1507 1382 hoc

220 1408 449 1456 Hannibal
468 1419 697 1463 tenueram
721 1423 804 1453 nec
826 1405 1034 1451 sustinere
1053 1405 1269 1467 impetum
1287 1407 1509 1468 Romani,
1552 1456 1564 1461 μ,

218 1482 294 1528 sed
324 1481 379 1527 ab
410 1479 539 1526 effusa
569 1478 674 1543 fuga
700 1477 793 1525 loci
814 1477 1026 1542 angustiae
1059 1494 1167 1537 eos,
1203 1478 1505 1545 impeditaque

217 1555 303 1602 alia
327 1568 465 1617 opere
491 1551 578 1614 jam
605 1564 786 1615 coepto,
814 1552 894 1599 alia
914 1563 1126 1615 apparatu
1153 1553 1330 1616 operis,
1356 1572 1506 1604 mora-

218 1626 393 1674 bantur.
424 1624 605 1688 plurimi
637 1625 683 1670 in
702 1624 858 1671 foffam
879 1624 1249 1688 praecipitavere,
1274 1627 1503 1692 occisique

216 1699 317 1746 sunt
343 1699 493 1762 plures
524 1698 570 1745 in
598 1696 727 1760 fuga,
750 1715 884 1762 quam
917 1699 963 1745 in
984 1715 1148 1762 pugna.
1182 1700 1287 1746 Inde
1308 1703 1358 1749 &
1387 1719 1504 1765 opus

214 1771 346 1819 nullo
367 1770 637 1836 prohibente
660 1770 753 1817 fieri
775 1782 988 1833 coeptum.
1022 1771 1147 1817 Foffa
1173 1772 1328 1836 ingens
1347 1774 1472 1822 dueta
1484 1812 1501 1833 ‚

212 1845 263 1892 C:
287 1843 460 1891 vallum
495 1843 610 1891 intra
643 1850 739 1890 eam
772 1843 983 1907 erigitur:
1012 1844 1290 1908 modicoque
1309 1847 1409 1908 post
1428 1849 1502 1894 in-

211 1914 407 1963 tervallo
443 1932 620 1962 murum
652 1915 785 1962 etiam
820 1916 973 1961 eadem
1003 1916 1188 1980 regione
1220 1918 1381 1965 addere
1417 1937 1500 1983 pa-

211 1999 305 2047 rat,
337 2000 386 2034 ut
421 1988 498 2034 vel
525 1989 615 2034 fine
644 1988 852 2051 praesidio
882 1989 997 2035 tueri
1025 1989 1067 2036 se
1091 1990 1302 2038 adversus
1325 1993 1498 2042 Roma-

209 2077 296 2107 nos
320 2061 512 2124 possent.
548 2062 752 2125 Reliquit
782 2074 927 2109 tamen
953 2063 1186 2110 modicum
1220 2065 1496 2128 praesidium,

209 2143 259 2177 ut
291 2132 420 2179 simul
450 2132 497 2180 in
529 2132 739 2181 faciendo
770 2151 902 2182 muro
933 2134 1181 2198 adjuvaret.
1224 2138 1313 2201 ipse
1334 2175 1348 2195 ‚
1380 2152 1494 2202 pro-

207 2203 347 2252 feffits
368 2222 469 2253 cum
488 2208 644 2254 ceteris
665 2208 833 2270 copiis,
846 2208 901 2255 ad
911 2207 1134 2256 Galaesum
1151 2208 1319 2256 flumen
1339 2211 1493 2274 (quin-

205 2293 296 2340 que
318 2277 458 2323 millia
485 2278 542 2324 ab
561 2280 671 2325 urbe
699 2278 848 2343 abest)
880 2279 1030 2342 posuit
1060 2280 1211 2327 castra.
1240 2284 1309 2326 Ex
1337 2283 1389 2329 iis
1408 2283 1495 2329 sta-

205 2347 315 2396 tivis
335 2350 546 2413 regressus
566 2352 622 2398 ad
639 2351 966 2414 inspiciendum
986 2369 1100 2417 opus
1126 2354 1273 2416 (quod
1291 2354 1490 2418 aliquan-

198 2428 296 2469 tum
327 2421 553 2485 opinione
584 2420 678 2484 ejus
708 2422 898 2472 celerius
932 2427 1167 2487 creverat)
1198 2425 1321 2490 spem
1348 2426 1489 2491 cepit,
