1628 2890
296 146 844 195 HISTORIARUM
890 148 1015 196 LIB.
1059 149 1252 197 XXVI.
1322 149 1410 210 362

131 273 338 319 poterunt.
360 260 446 301 Vos
465 259 612 313 modo,
629 259 801 312 milites,
811 256 952 323 favete
970 260 1134 303 nomini
1150 260 1414 318 Scipionum,

131 330 270 390 soboli
296 331 583 388 imperatorum
617 331 828 394 vestrorum
844 365 860 385 ,
891 335 1000 375 velut
1024 331 1166 395 accisis
1192 332 1418 392 recrescenti

126 402 341 467 stirpibus.
359 404 512 462 Agite,
537 404 686 446 milites
712 418 857 446 veteres
873 437 886 458 ‚
911 421 1063 447 novum
1091 405 1308 449 exercitum
1335 422 1418 449 no·

139 491 311 533 memque
327 476 464 520 ducem
483 478 684 520 traducite
702 477 859 521 Iberum
873 507 885 528 ,
907 479 1104 521 traducite
1123 479 1167 521 in
1187 493 1312 522 terras
1327 496 1420 524 cum

140 549 281 591 multis
301 546 489 605 fortibus
506 547 639 606 fizc‘lis
657 549 766 607 serpe
797 567 823 593 a
854 551 970 594 vobis
1003 565 1258 610 peragratas.
1294 552 1421 597 Brevi

129 617 297 677 faciam
316 656 327 674 ‚
343 637 409 672 ut,
429 623 768 680 quemadmodum
787 639 898 666 mmc
914 623 1128 680 noscitatis
1146 625 1190 667 in
1209 642 1269 669 me
1279 626 1420 684 patris

131 693 353 751 patruique
365 691 691 754 stmilltudiszem
724 693 806 735 oris
837 693 1075 752 vulsasque,
1104 691 1145 738 ἃ
1171 696 1422 739 lineamenta.

141 767 348 823 corporis;
373 767 431 809 ita
460 767 646 824 ingenii,
665 764 792 822 fidei,
818 767 1054 827 virtutisque
1085 773 1313 826 exemplum
1341 787 1420 813 ex-

136 834 310 898 preffbm
347 840 406 881 ad
441 837 608 899 ffglem
641 839 758 882 vobis
796 840 987 893 reddam,
1019 855 1063 884 ut
1099 839 1315 905 revixiff'e‚
1349 856 1424 894 αῑιβ

141 925 326 953 renatum
345 909 434 973 fibi
453 910 616 969 quisque
635 909 869 969 Scipionem
898 913 1177 970 imperatorem
1199 916 1324 958 dicat.

209 983 342 1027 XL11.
378 982 470 1027 Hac
492 980 699 1027 oratione
729 981 919 1027 accensis
942 983 1129 1028 militum
1146 983 1334 1045 finimus,
1353 1001 1421 1032 re·

144 1051 250 1099 Ῑὶξὶο
284 1053 338 1100 ad
370 1053 615 1115 praefidium
653 1053 847 1115 regionis
885 1053 977 1113 ejus
1015 1056 1075 1101 M.
1099 1053 1280 1113 Silano,
1319 1072 1423 1103 cum

142 1125 284 1172 tribus
313 1126 511 1189 millibus
542 1126 741 1187 peditum
771 1127 1048 1173 &trecentis
1070 1128 1318 1189 equitibus,
1348 1146 1423 1176 ce-

142 1211 256 1246 teras
279 1215 436 1245 omnes
467 1200 621 1261 copias
661 1198 815 1262 (erant
853 1213 1000 1246 autem
1036 1200 1196 1263 viginti
1224 1202 1422 1264 quinque

142 1271 283 1318 millia
319 1272 546 1340 peditum,
579 1273 670 1318 duo
702 1272 839 1319 millia
870 1275 918 1321 &
955 1274 1184 1336 quingenti
1217 1275 1420 1338 equites)

143 1343 320 1390 Iberum
360 1343 543 1404 trajecit.
590 1344 654 1390 lbi
693 1344 952 1408 quibusdam
991 1345 1301 1402 suadentibus,
1343 1359 1423 1406 ut,

144 1415 361 1477 quoniam
390 1416 434 1461 in
468 1430 554 1462 tres
584 1428 672 1462 tam
702 1416 896 1463 diversas
917 1417 1122 1480 regiones
1143 1417 1424 1468 disceffiss'ent

144 1488 303 1535 Punici
325 1490 568 1547 exercitus,
602 1490 862 1553 proximum
882 1491 1190 1555 aggrederetur
1206 1528 1219 1548 ‚
1243 1493 1423 1554 pericu-

145 1560 238 1607 lum
267 1561 350 1607 effe
382 1573 526 1616 ratus,
559 1578 612 1608 ne
645 1579 701 1608 eo
737 1561 853 1608 fa&o
877 1562 923 1608 in
956 1580 1094 1609 unum
1123 1579 1279 1611 omnes
1310 1581 1425 1611 con-

145 1633 365 1691 traheret,
400 1651 481 1680 nec
510 1651 588 1696 par
613 1634 717 1680 effet
743 1650 855 1680 unus
886 1645 957 1680 tot
982 1636 1279 1694 exercitibus,
1311 1639 1425 1684 Car-

146 1706 372 1769 thaginem
406 1708 591 1754 Novam
626 1707 805 1753 interim
836 1724 1100 1771 oppugnare
1131 1708 1309 1767 statuit,
1344 1727 1424 1756 ur-

146 1777 249 1825 bem
277 1795 377 1826 cum
406 1778 537 1839 ipsam
569 1778 831 1840 opulentam
864 1778 948 1825 suis
982 1779 1144 1842 opibus
1163 1817 1178 1837 ,
1210 1793 1305 1827 tum
1333 1782 1424 1828 ho-

145 1849 276 1896 stium
310 1850 436 1895 omni
468 1850 632 1896 bellico
664 1863 874 1913 apparatu
912 1850 1124 1912 plenam3
1159 1851 1249 1916 (ibi
1276 1870 1426 1913 arma,

147 1920 210 1966 ibi
235 1921 423 1982 pecunia
441 1956 454 1978 ,
491 1920 553 1967 ibi
580 1921 962 1984 totiusHispaniae
984 1923 1156 1969 obfides
1183 1926 1342 1988 erant)
1371 1925 1428 1972 fi-

147 2006 239 2041 tam
273 2006 484 2056 praeterea
521 2012 621 2043 cum
659 2010 919 2058 opportune
948 1997 1002 2042 ad
1037 1996 1345 2059 trajiciendum
1379 1998 1425 2046 in

146 2064 343 2113 Africam
360 2101 374 2123 ,
393 2078 486 2111 tum
516 2066 644 2128 super
673 2080 853 2129 portum
882 2067 981 2113 satis
1002 2069 1197 2129 amplum
1220 2083 1423 2131 quantae-

148 2134 219 2183 vis
238 2134 352 2180 claffi
373 2169 387 2189 ‚
413 2137 461 2182 &
479 2135 627 2181 nescio
649 2153 704 2182 an
730 2154 868 2183 unum
890 2138 934 2183 in
954 2137 1175 2200 Hispaniae
1204 2154 1283 2184 ora
1299 2174 1311 2196 ,
1337 2157 1425 2203 qua

147 2205 307 2253 nostro
337 2206 506 2267 adjacet
528 2209 651 2254 mari.
692 2210 840 2268 Nemo
871 2209 1103 2269 omnium,
1133 2227 1228 2273 quo
1261 2211 1423 2270 iretur,

149 2279 339 2335 sciebat,
360 2293 518 2343 praeter
543 2283 596 2329 C.
612 2282 812 2330 Laelium.
844 2285 904 2338 Is,
935 2283 1063 2330 classe
1083 2283 1424 2342 circummissus,

151 2354 212 2401 ita
233 2354 454 2401 moderari
479 2356 652 2403 cursum
674 2356 859 2403 navium
885 2355 1018 2418 juffus
1046 2369 1166 2415 erat,
1193 2370 1244 2404 ut
1262 2359 1422 2404 eodem

151 2437 354 2494 tempore
382 2428 599 2480 exercitus
632 2429 937 2479 ostenderetur
948 2464 965 2497 7
996 2430 1048 2478 &
1067 2429 1208 2480 claffis
1234 2443 1423 2496 portum
