1628 2890
187 148 281 191 422
553 128 1112 175 T1T1L1vll

188 255 305 301 quos
335 252 502 299 vagos,
531 235 685 298 pabuli
716 246 794 282 aut
827 234 1058 299 lignorum
1091 236 1216 283 emisa
1241 235 1420 299 longius·
1449 256 1475 286 a

190 309 338 358 castris
361 308 639 373 progressos,t
655 308 831 371 poffent
850 309 1059 370 excipere
1074 346 1087 364 .,
1111 309 1280 373 {ignum
1306 312 1406 364 dat..
1425 323 1478 359 ut

123 390 126 394 ’
188 381 356 445 pariter
389 381 444 426 ab
473 379 558 426 suis
589 378 774 443 quisque
809 379 988 427 latebris
1020 380 1320 428 exorirentur.
1364 384 1501 431 Non.

190 467 296 502 ante
328 470 598 516 apparuere,
629 454 792 519 quibus
823 454 976 502 obviis
1011 454 1065 501 ab
1096 453 1203 519 jugo
1236 455 1332 518 ipso
1360 474 1478 504 con-

191 527 462 590 surgendum
485 538 606 584 erat,
633 544 766 589 quam
797 527 1061 574 circumiere
1077 563 1090 585 ‚
1112 528 1189 590 qui
1208 545 1231 574 a
1257 540 1384 591 tergo
1406 529 1478 575 in-

192 599 426 645 cluderent
465 598 596 646 viam.
636 599 756 644 Tum
793 599 996 663 undique
1029 616 1187 646 ornnes
1219 600 1398 656 exorti,
1429 603 1481 648 &

193 671 395 717 clamore
420 670 594 718 sublato
622 670 838 734 impetum
872 672 1030 720 fecere.
1057 675 1174 720 Cum
1203 674 1249 720 in
1277 691 1328 720 ea
1361 674 1482 720 valle

142 778 146 781 -
193 743 405 790 consules
425 740 587 802 effent,
610 757 660 790 ut
680 761 823 808 neque
852 746 1040 792 evadere
1061 746 1234 809 possent
1253 746 1304 793 in
1326 745 1481 809 jugum

195 830 474 881 occupatum
507 818 562 865 ab
596 819 749 877 hoste,
769 837 851 866 nec
882 833 1108 883 receptum
1141 820 1198 867 ab
1228 831 1355 884 tergo
1392 821 1485 865 cir-

197 893 438 941 cumventi
458 893 696 951 haberent3
717 893 892 940 extrahi
910 906 1057 940 tamen
1077 894 1242 941 diutius
1261 905 1486 940 certamen

199 967 438 1031 potuisset,
462 968 508 1013 ni
531 980 683 1030 coepta
706 967 761 1014 ab
782 967 973 1015 Etruscis
993 967 1099 1032 fuga
1121 985 1338 1030 pavorem
1369 979 1487 1014 cete-

201 1039 264 1085 ris
291 1038 518 1099 injecisset.
554 1042 663 1086 Non
694 1052 841 1086 tamen
875 1040 1064 1086 omisere
1099 1057 1296 1104 pugnam
1331 1037 1489 1087 deserti

204 1113 262 1160 :ab
288 1112 482 1159 Etruscis
503 1111 777 1177 Fregellani,
797 1113 944 1159 donec
963 1112 1124 1175 integri
1153 1112 1359 1158 consules
1382 1113 1489 1158 hor-

204 1184 346 1230 tando
362 1220 377 1243 ‚
394 1184 565 1248 ipsique
585 1202 642 1246 ex
667 1198 791 1248 parte
817 1185 1064 1250 pugnando
1092 1201 1186 1230 rem
1207 1183 1491 1231 sustinebant.

205 1256 290 1304 Sed
305 1294 319 1315 ,
341 1258 576 1321 postquam
599 1259 865 1306 vulneratos
890 1260 1024 1305 ambo
1046 1258 1276 1315 consules,
1295 1257 1494 1302 Marcel-

183 1333 302 1379 'lum
335 1333 468 1379 etiam
485 1333 745 1381 transfixum
773 1335 923 1382 lancea
952 1334 1264 1397 prolabentem
1293 1347 1349 1378 ex
1373 1347 1494 1394 equo

209 1405 534 1452 :moribundum
562 1407 743 1463 videre,
762 1418 855 1453 tum
877 1408 927 1454 &
958 1406 1038 1469 ipsi
1064 1404 1308 1469 (perpauci
1342 1416 1495 1450 autem
1552 1424 1555 1426 ·

210 1479 500 1544 supererant)
535 1498 638 1527 cum
667 1482 877 1545 Crispino
915 1481 1097 1528 consule
1133 1480 1311 1527 duobus
1337 1477 1496 1538 iaculis

210 1552 302 1599 3320
318 1587 332 1609 ,
354 1555 403 1599 ὃ(
428 1553 643 1600 Marcello
663 1554 970 1612 adolescente,
990 1553 1142 1600 saucio
1163 1555 1211 1599 &
1235 1550 1332 1614 ipso
1346 1585 1361 1608 ‚
1387 1549 1496 1596 effu«-

211 1641 389 1690 gerunt,
424 1628 682 1676 interfectus
702 1631 754 1677 A.
773 1629 968 1675 Manlius
988 1629 1193 1674 tribunus
1211 1625 1426 1682 militum,
1447 1625 1499 1671 ὃς

211 1716 270 1745 cx
291 1700 468 1746 duobus
496 1700 715 1762 praefectis
736 1702 908 1748 socium
938 1701 1016 1748 Μ’.
1039 1700 1194 1747 Aulius
1225 1697 1427 1753 occisus,
1448 1699 1500 1743 L.

214 1772 439 1819 Arennius
461 1787 627 1835 captus.
649 1777 698 1835 δε
721 1775 898 1822 li&ores
919 1773 1153 1821 consulum
1177 1771 1378 1835 quinque
1396 1769 1500 1816 vivi

213 1846 264 1892 in
290 1846 487 1892 hostium
518 1834 785 1910 potestatem
803 1859 1060 1894 venerunt.
1084 1844 1222 1892 ceteri
1247 1856 1324 1889 aut
1358 1842 1501 1888 inter-

215 1919 352 1976 seui,
377 1933 453 1967 aut
483 1939 582 1968 cum
617 1922 798 1969 consule
836 1922 1099 1985 effugerunt.
1133 1918 1318 1981 equites
1335 1928 1422 1963 tres
1452 1917 1503 1964 ὅ(

215 1993 538 2056 quadraointa‚
569 2007 644 2040 aut
676 1996 721 2040 in
743 1994 940 2058 proelio,
975 2005 1051 2041 aut
1080 1993 1126 2038 in
1153 1990 1289 2054 fuga,
1325 1987 1503 2036 cecide»

219 2077 351 2120 runt,
373 2066 690 2131 duodeviginti
720 2068 819 2115 vivi
842 2067 973 2130 capti.
1004 2063 1347 2112 Tumultuatum
1376 2061 1426 2107 &
1455 2059 1505 2105 in

218 2137 367 2183 castris
403 2138 571 2198 fuerat,
607 2155 658 2187 ut
693 2140 953 2188 consulibus
991 2138 1109 2184 irent
1143 2134 1365 2189 subfidio;
1403 2149 1506 2179 cum

222 2209 457 2257 consulem
488 2214 537 2259 ὅ(
572 2211 713 2259 filium
742 2214 921 2260 alterius
955 2209 1150 2258 consulis
1184 2206 1378 2263 saucios,
1407 2205 1507 2250 exi·

205 2281 419 2344 *guasque
452 2283 643 2330 infelicis
677 2284 982 2347 expeditionis
1014 2280 1245 2343 reliquiaS‚
1277 2278 1332 2324 ad
1368 2275 1507 2322 castra

149 2365 160 2373 ·
223 2352 331 2396 veni
338 2365 460 2399 entes
491 2367 692 2401 cernunt.
722 2358 850 2401 Mors
870 2353 1074 2401 Marcelli
1099 2368 1202 2399 cum
1231 2349 1403 2411 alioqui
1424 2347 1506 2394 mi·

224 2420 422 2475 {erabilis
440 2427 552 2489 fuit,
566 2442 669 2476 tum
695 2428 820 2495 quod
844 2444 925 2475 nec
944 2443 1028 2491 pro
1050 2437 1204 2484 anate,
1227 2420 1427 2486 <major
1417 2437 1506 2484 jam
