1628 2890
220 116 281 158 ,ῳ
573 70 1139 139 ΤιΤΙωνιι

222 217 315 253 erat
348 204 464 251 inter
494 201 631 249 castra
664 198 858 247 Minucii
895 201 1250 264 Poenorumque.
1289 218 1391 248 eum
1425 203 1505 264 qui

219 277 504 341 occupasset,
525 274 644 320 haud
661 273 793 325 dubie
814 272 1088 338 iniquiorem
1107 286 1197 321 erat
1216 274 1331 320 hosti
1352 275 1507 321 locum
1555 267 1562 270 ’

214 350 431 415 facturus.
458 363 562 393 eum
592 363 688 394 non
718 359 809 393 tam
836 363 995 410 capere
1022 346 1112 394 fine
1144 348 1387 394 certamine
1415 364 1507 393 vo-

222 425 341 472 lebat
360 420 611 480 Hannibal,
633 420 919 486 (quanquam
939 420 984 467 id
1002 438 1154 483 operae
1175 421 1368 484 pretium
1388 420 1506 485 crat)

224 515 357 563 quam
383 495 558 543 causam
580 493 834 543 certaminis
859 512 961 543 cum
990 494 1224 553 Minucio,
1243 506 1377 558 quem
1395 495 1515 554 seme*

221 590 302 636 per
326 571 618 621 occursurum
642 570 697 617 ad
716 569 1019 617 obfistendum
1049 568 1148 616 satis
1175 569 1368 627 sciebat,
1393 585 1511 617 con-

221 646 412 693 trahere.
439 647 556 708 Ager
581 644 730 693 omnis
749 642 921 691 medius
951 654 1046 689 erat
1069 642 1212 704 prima
1241 640 1384 704 specie
1405 641 1510 688 inu-

221 719 314 766 tilis
331 717 605 776 insidiatori,
622 718 726 781 quia
748 733 843 763 non
860 716 1002 763 modo
1022 714 1217 763 filvestre
1238 714 1512 778 quidquam,

224 792 298 840 sed
328 810 383 840 ne
411 791 628 855 vepribus
659 791 841 855 quidem
869 789 1080 837 vestitum
1106 788 1322 844 habebat,
1345 804 1392 834 re
1422 787 1515 850 ipsa

224 879 358 914 natus
376 867 575 930 tegendis
599 863 764 912 infidiis
779 897 793 921 ‚
813 882 870 913 eo
892 864 1032 928 magis
1053 863 1177 926 quod
1197 861 1244 908 in
1263 862 1378 910 nuda
1396 861 1514 909 valle
1553 902 1557 906 ,

226 941 351 989 nulla
380 941 479 988 talis
506 940 624 987 fraus
653 940 800 986 timeri
828 949 1020 1002 poterat.
1056 939 1106 985 &
1133 947 1260 983 erant
1288 934 1336 981 in
1364 935 1514 982 anfra-

226 1015 369 1062 &ibus
401 1032 524 1062 cavae
555 1030 714 1077 rupes,
734 1025 782 1060 ut
813 1013 1018 1076 quaedam
1040 1028 1191 1057 earum
1224 1011 1424 1058 ducenos
1443 1027 1515 1057 ar-

227 1100 375 1135 matos
405 1088 580 1150 poss'ent
608 1104 779 1150 capere.
802 1090 851 1133 In
880 1087 959 1133 has
986 1085 1204 1143 latebras,
1222 1098 1337 1149 quot
1359 1101 1516 1149 quem-

228 1179 319 1227 que
348 1162 505 1209 locum
537 1173 637 1224 apte
664 1161 852 1208 infidere
887 1171 1118 1223 poterant,
1148 1160 1348 1223 quinque
1378 1159 1515 1206 millia

228 1238 492 1285 conduntur
521 1236 720 1298 peditum
745 1235 1050 1300 equitumque.
1081 1234 1243 1281 necubi
1272 1245 1420 1287 tamen
1442 1249 1516 1280 aut

228 1323 382 1357 motus
402 1308 590 1371 alicujus
610 1320 775 1356 temere
797 1308 949 1371 egressi
964 1344 978 1366 ,
1002 1319 1078 1353 aut
1107 1306 1259 1369 fulgor
1286 1322 1518 1352 armorum

229 1383 431 1430 fraudem
460 1383 509 1430 in
528 1383 647 1430 valle
678 1396 767 1430 tam
795 1394 945 1444 aperta
977 1382 1228 1444 detegeret,
1251 1380 1385 1428 miffis
1407 1397 1518 1443 pau-
1558 1434 1568 1437 .„

230 1457 297 1505 cis
316 1457 462 1521 prima
481 1458 579 1504 luce
610 1455 665 1503 ad
687 1456 952 1520 capiendum
971 1491 983 1512 ,
1011 1472 1143 1517 quem
1168 1469 1271 1500 ante
1293 1453 1487 1500 diximus
1504 1490 1518 1513 ,

230 1532 488 1591 tumulum,
524 1532 687 1579 avertit
725 1531 887 1578 oculos
931 1529 1143 1575 hostium.
1191 1527 1341 1573 Primo
1376 1527 1520 1574 statim

234 1605 480 1669 conspe6hi
497 1617 726 1654 contemta
761 1604 956 1668 paucitas
978 1620 1056 1649 :ac
1075 1602 1152 1648 fibi
1175 1601 1362 1665 quisque
1381 1601 1520 1662 depo*

232 1679 354 1728 scere
383 1679 618 1741 pellendos
645 1679 747 1725 inde
783 1678 946 1724 hostes.
982 1676 1035 1722 ad
1070 1676 1222 1723 locum
1250 1673 1519 1736 capiendum

232 1753 328 1800 dux
347 1753 437 1815 ipse
458 1752 574 1799 inter
595 1752 895 1800 stolidissimos
921 1747 1304 1810 ferocissimosque
1326 1746 1380 1793 ad
1400 1762 1520 1792 arma

232 1837 374 1874 vocat
393 1861 405 1883 ,
437 1827 487 1873 &
511 1826 640 1872 vanis
669 1824 830 1871 animis
862 1825 911 1871 &
942 1821 1074 1868 minis
1095 1820 1295 1883 increpat
1330 1818 1520 1882 hostem.

232 1900 464 1963 Principio
497 1901 647 1946 levem
673 1910 940 1945 armaturam
974 1896 1181 1953 dimittit,
1215 1894 1375 1941 deinde
1404 1909 1522 1941 con-

233 1972 353 2019 ferto
376 1971 551 2035 agmine
583 1971 721 2017 mittit
742 1969 911 2032 equites
931 1987 940 2015 :
967 1967 1195 2030 postremo
1212 2004 1225 2026 ,
1248 1984 1348 2013 cum
1381 1965 1522 2012 hosti-

234 2046 318 2093 bus
341 2061 527 2109 quoque
554 2044 739 2090 subsidia
768 2042 886 2089 mitti
913 2040 1115 2098 videret,
1135 2039 1355 2086 instructis
1375 2037 1522 2102 legio-

235 2119 366 2164 nibus
394 2117 611 2180 procedit.
645 2119 701 2162 Et
721 2115 976 2174 Hannibal,
997 2114 1308 2161 laborantibus
1329 2112 1414 2159 suis
1438 2111 1524 2158 alia

233 2203 367 2254 atque
404 2190 515 2248 alia,
557 2189 780 2236 crescente
826 2188 1100 2246 certamine,
1136 2187 1329 2234 mittens·
1358 2184 1524 2232 auxilia

235 2263 437 2327 peditum
459 2263 752 2327 equitumque
766 2297 779 2320 ,
796 2261 881 2323 jam
899 2260 1058 2323 justam
1075 2260 1338 2322 expleverat
1356 2258 1498 2307 aciem
1511 2292 1524 2315 ,

235 2351 288 2381 ac
323 2333 430 2381 totis
465 2333 677 2397 utrinque
714 2332 886 2381 viribus
919 2332 1186 2380 certabatur.
1233 2331 1378 2378 Prima
1409 2327 1523 2376 levis

237 2417 456 2455 armatura
472 2407 788 2454 Romanorum
799 2440 812 2467 ,
832 2415 1198 2469 praeoccupatum
1221 2402 1435 2450 inferiore
1453 2402 1525 2448 ἶς-β
