1628 2890
264 166 819 217 HISTORIARUM
859 170 986 218 LIB.
1027 170 1216 218 XXIIL
1294 184 1376 236 125

104 274 267 324 'sultare
293 292 392 324 mos
416 289 532 324 erat:
566 289 683 324 tanta
705 278 922 326 velocitas
943 278 1071 341 ipsis,
1101 290 1279 342 tamque
1299 278 1382 324 do·

102 348 190 396 cile
219 365 440 412 equorum
471 365 611 411 genus
636 349 710 396 est.
741 351 856 396 Cum
891 350 980 396 hoc
1014 351 1155 396 modo
1185 349 1384 396 instruffi

102 421 289 479 starent,
318 421 639 483 imperatorum
675 421 900 485 utriusque
928 422 1064 484 partis
1095 423 1213 469 haud
1240 421 1382 469 ferme

101 494 298 558 dispares
332 494 428 557 spes
461 506 600 541 erant.
635 512 735 541 nam
763 512 818 542 ne
852 496 1041 541 multum
1075 496 1279 558 quidem,
1306 507 1382 543 aut

100 583 327 623 numero,
360 580 436 614 aut
473 583 632 631 genere
667 566 892 627 militum,
925 568 969 613 hi
1000 580 1075 614 aut
1106 569 1171 614 illi
1207 568 1382 631 praesta·

101 639 218 686 bant.
258 638 476 686 Militibus
513 639 647 702 longe
682 637 826 702 dispar
856 640 1027 687 animus
1057 651 1165 686 erat.
1208 642 1381 688 Roma-

101 710 171 757 nis
197 711 345 769 enim,
381 727 636 773 quanquam
675 711 836 774 procul
870 728 896 757 a
927 713 1065 773 patria
1099 726 1382 776 pugnarent,

99 781 230 829 facile
248 781 548 845 persuaserant
565 783 698 830 duces
712 819 726 841 ,
749 799 834 846 pro
862 783 982 829 Italia
1001 795 1131 845 atque
1158 786 1266 831 urbe
1285 787 1380 832 Ro-

100 873 232 903 mana
252 871 332 902 eos
351 872 560 919 pugnare.
596 855 771 918 itaque,
800 854 927 901 velut
956 855 1118 918 quibus
1147 856 1313 903 reditus
1332 857 1380 903 in

100 929 290 993 patriam
319 944 376 975 eo
407 929 658 976 discrimine
686 945 848 992 pugnae
869 940 1148 983 verteretur,
1182 928 1381 976 obstina-

99 1014 262 1050 verant
292 1000 478 1061 animis,
511 1002 690 1050 vincere
721 1013 796 1047 aut
827 1001 959 1047 mori.
997 1002 1148 1048 Minus
1181 1002 1380 1064 pertina-

99 1089 173 1120 ces
197 1074 323 1119 viros
357 1073 546 1120 habebat
577 1074 713 1120 altera
747 1073 881 1120 acies.
921 1090 1025 1119 nam
1051 1073 1246 1120 maxima
1279 1090 1380 1135 pars

98 1143 285 1207 Hispani
314 1157 464 1191 erant:
496 1146 573 1208 qui
601 1145 725 1193 vinci
754 1145 799 1192 in
820 1145 1057 1209 Hispania,
1077 1163 1212 1210 quam
1235 1147 1379 1194 vieto-

98 1233 169 1263 res
196 1217 242 1262 in
274 1218 441 1264 Italiam
473 1218 587 1264 trahi
606 1254 620 1276 ,
650 1218 887 1265 malebant.
926 1219 1078 1265 Primo
1109 1219 1242 1281 igitur
1269 1235 1379 1264 con·

96 1288 229 1336 cursu
243 1325 257 1347 ,
276 1305 377 1336 cum
409 1291 489 1337 vix
516 1290 608 1350 pila
632 1290 835 1351 conjecta
856 1291 991 1335 essent
1009 1319 1023 1341 ,
1050 1290 1200 1330 retulit
1220 1285 1381 1347 pedem

97 1361 244 1406 media
277 1362 393 1406 acies
416 1394 431 1416 ,
468 1361 848 1420 inferentibusque
883 1357 968 1404 sese
1005 1375 1170 1420 magno
1208 1357 1380 1418 impetu

97 1428 318 1476 Romanis
349 1440 473 1493 terga
503 1430 652 1477 vertit.
692 1429 852 1476 Nihilo
880 1429 1054 1493 segnius
1084 1429 1131 1474 in
1161 1430 1379 1477 cornibus

96 1501 309 1565 proelium
343 1500 440 1547 fuit.
473 1501 578 1548 hinc
614 1503 811 1557 Poenus,
843 1502 949 1549 hinc
980 1501 1088 1548 Afer
1123 1513 1251 1565 urget
1280 1520 1291 1548 :
1324 1504 1376 1551 &

98 1574 226 1619 velut
247 1573 291 1618 in
309 1572 646 1619 circumventos
667 1573 834 1634 proelio
856 1573 1041 1635 ancipiti
1061 1586 1273 1636 pugnant.
1293 1574 1379 1621 Sed

96 1661 200 1691 cum
238 1646 283 1690 in
319 1645 512 1690 medium
549 1657 647 1691 tota
677 1645 765 1707 jam
805 1646 961 1693 coisset
992 1646 1198 1692 Romana
1233 1647 1378 1705 acies,

97 1718 198 1783 satis
217 1718 383 1765 virium
404 1718 458 1763 ad
488 1717 764 1764 dimovenda
792 1719 984 1765 hostium
1010 1736 1180 1766 cornua
1205 1720 1378 1768 habuit.

97 1791 248 1855 itaque
280 1792 374 1836 duo
407 1789 579 1836 diversa
612 1791 778 1853 proelia
807 1803 959 1838 erant:
988 1804 1181 1854 utroque
1207 1794 1378 1839 Roma-

95 1866 175 1921 ni,
204 1875 252 1911 ut
282 1864 386 1926 qui,
426 1864 558 1927 pulsis
585 1866 760 1911 tandem
794 1865 949 1912 mediis
968 1902 984 1923 ‚
1022 1867 1071 1913 &
1098 1883 1287 1912 numero
1325 1868 1377 1914 δε

95 1938 265 1983 robore
286 1937 490 1983 virorum
514 1938 792 1999 praestarent‚
815 1937 931 1984 haud
950 1937 1081 1983 dubie
1099 1938 1377 2000 superarunt.

96 2011 262 2071 Magna
294 2008 363 2055 vis
399 2009 636 2055 hominum
672 2010 734 2068 ibi
769 2009 927 2056 occisa.
964 2011 1042 2065 &‚
1076 2005 1156 2054 ni'si
1189 2009 1376 2071 Hispani

98 2080 286 2129 vixdum
308 2081 516 2128 conserto
539 2081 704 2143 proelio
734 2095 823 2128 tam
851 2081 983 2127 effuse
1010 2081 1241 2143 fugissent,
1271 2098 1376 2142 per-

97 2151 230 2214 pauci
264 2167 321 2196 ex
355 2163 451 2197 tota
485 2151 795 2213 superfuifl'ent
825 2153 933 2199 acie.
971 2152 1194 2214 Equestris
1224 2169 1374 2215 pugna

94 2225 218 2270 nulla
249 2224 489 2271 admodum
519 2224 632 2272 fuit:
665 2227 798 2288 quia,
831 2225 959 2272 fimul
985 2226 1244 2272 inclinatam
1276 2243 1372 2271 me-

94 2297 212 2343 diam
244 2298 380 2343 aciem
417 2300 562 2345 Mauri
594 2300 892 2363 Numidaeque
921 2300 1159 2359 viderunt,
1197 2312 1373 2346 extem-

93 2371 173 2433 plo
208 2369 310 2433 fuga
344 2370 476 2418 effusa
513 2373 630 2418 nuda
665 2389 835 2419 cornua
856 2408 870 2429 ,
906 2374 1153 2434 elephantis
1187 2389 1372 2436 quoque

94 2460 186 2507 prae
218 2442 257 2490 se
281 2445 411 2505 actis,
432 2444 670 2493 deseruere.
706 2448 761 2493 Et
781 2445 1023 2493 Hasdrubai
1035 2482 1051 2504 ,
1079 2446 1215 2510 usque
1232 2447 1287 2493 ad
1306 2447 1373 2500 ub:
