1628 2890
179 154 272 202 294
340 137 466 183 TlTI
502 136 640 181 [ΝΠ
671 134 1022 181 ffiSTORIAR.
1053 135 1156 180 ΗΒ.
1185 133 1340 180 XXV.

178 263 250 292 ma
283 256 410 307 parte
442 241 608 289 virium
641 240 814 287 suarum
846 257 939 286 non
968 240 1270 302 juvabantur,
1302 239 1467 286 timore

180 320 314 366 etiam
346 317 549 375 incuffo,
582 334 637 363 ne
663 319 718 364 ab
739 316 833 363 ·suo
865 318 911 363 ὃ(
944 316 1023 378 ipsi
1057 317 1205 379 equite
1233 331 1470 378 oppugna-

179 393 536 453 rentur.-Itaque
570 390 692 436 haud
719 389 868 452 magni
895 387 1151 435 certaminis
1174 388 1271 435 fuit.
1301 386 1471 448 primus

178 465 353 512 clamor
373 474 504 525 atque
530 462 722 525 impetus
743 478 835 508 rem
863 460 1077 507 decrevit.
1112 461 1320 507 Numidae
1337 498 1348 517 ,
1369 477 1470 507 cum

181 539 228 585 in
259 536 485 585 concursu
518 536 659 599 quieti
692 535 901 581 stetifl'ent
929 536 975 580 in
1009 534 1248 592 cornibus,
1274 548 1322 581 ut
1350 547 1471 596 terga

181 611 336 657 dantes
366 609 470 656 suos
499 609 739 666 viderunt,
769 606 887 671 fugae
914 618 1086 654 tantum
1115 624 1354 669 parumper
1387 623 1472 653 co-

181 681 313 729 mites
339 681 468 741 faffi,
506 680 742 744 postquam
777 695 935 726 omnes
966 680 1255 743 Agrigentum
1292 677 1472 741 trepido

182 755 361 819 agmine
379 767 580 818 petentes
601 752 839 811 viderunt,
867 752 945 814 ipfi
973 764 1093 798 metu
1117 752 1362 798 obsidionis
1383 750 1474 814 pas-

184 831 265 877 sim
297 830 345 877 in
373 829 581 876 civirates
604 826 833 890 proximas
866 825 1033 888 dilapsi.
1066 826 1209 872 Multa
1233 825 1372 871 millia
1392 824 1475 870 lio-

184 904 360 951 minum
392 901 499 950 caesa
529 915 773 964 captaque,
795 901 845 946 &
864 900 969 945 οξὶο
1000 898 1241 961 elephanti.
1279 899 1385 944 Haec
1406 896 1497 942 ul·-

186 975 294 1021 tima
330 976 376 1021 in
397 974 547 1020 Sicilia
569 973 769 1021 Marcelli
790 990 939 1036 pugna
968 972 1066 1019 fuit.
1097 972 1248 1018 vi5³tor
1267 972 1370 1018 inde
1392 973 1476 1034 Sy-

184 1050 361 1097 racusas
391 1049 536 1096 rediit.
573 1051 664 1096 Jam
696 1049 832 1095 ferme
857 1048 902 1094 in
933 1047 1056 1094 exitu
1086 1064 1228 1113 annus,
1249 1057 1355 1093 erat.
1374 1046 1479 1093 ita-

187 1140 278 1187 que
310 1123 482 1170 senatus
503 1123 663 1169 Romae
693 1120 896 1169 decrevit
918 1157 929 1178 ‚
960 1133 1012 1167 ut
1031 1122 1076 1168 P.
1098 1120 1344 1167 Cornelius
1362 1136 1479 1182 prae-
1519 1150 1526 1153 <

187 1210 263 1244 tor
290 1196 439 1243 literas
459 1197 661 1258 Capuam
682 1195 736 1241 ad
758 1194 963 1242 consules
983 1195 1205 1250 mitteret3
1229 1194 1335 1240 dum
1357 1195 1479 1240 Han-

190 1270 313 1318 nibal
339 1269 501 1333 procul
522 1268 711 1328 abeffet,
734 1285 817 1315 nec
848 1267 938 1314 ulla
957 1267 1108 1332 magni
1129 1265 1390 1314 discriminis
1409 1282 1480 1313 res

188 1344 246 1391 ad
275 1346 475 1406 Capuam
507 1355 733 1405 gereretur
752 1376 765 1398 ,
793 1341 902 1387 alter
933 1357 1091 1387 eorum
1110 1377 1124 1399 ,
1156 1340 1186 1385 fi
1214 1339 1273 1386 ita
1301 1339 1483 1387 videre-

189 1430 290 1475 tur,
325 1417 380 1463 ad
411 1415 685 1479 magistratus
724 1414 1035 1478 subrogandos
1064 1415 1258 1459 Romam
1288 1410 1482 1460 veniret.
1544 1436 1554 1440 ··

190 1490 351 1536 Literis
380 1488 602 1550 acceptis,
635 1487 750 1533 inter
780 1486 822 1533 se
836 1487 1052 1533 'consules
1071 1496 1410 1548 compararunt,
1431 1495 1483 1531 ut

193 1562 411 1610 Claudius
447 1562 629 1610 comitia
668 1559 902 1623 perficeret
923 1596 935 1617 ‚
973 1560 1156 1608 Fulvius
1192 1559 1247 1606 ad
1279 1559 1482 1620 Capuam

191 1649 403 1684 maneret.
421 1634 641 1683 Consules
656 1633 875 1681 Claudius
891 1633 1059 1681 creavit
1074 1632 1129 1679 C.
1144 1629 1348 1678 Fulvium
1362 1630 1484 1675 Cen-

191 1709 412 1758 tumalum
435 1711 486 1758 &
511 1710 558 1755 P.
574 1707 824 1771 Sulpicium
843 1705 991 1753 Servii
1012 1704 1151 1752 filium
1170 1704 1382 1759 Galbam,
1404 1702 1485 1765 qui

192 1783 367 1832 nullum
402 1794 529 1829 antea
558 1781 765 1840 curulem
794 1779 1095 1843 magistratum
1126 1777 1322 1842 geffiss'et.
1362 1777 1483 1822 Prae-

192 1870 316 1905 tores
342 1857 501 1904 deinde
519 1857 650 1904 creati
664 1894 676 1914 ‚
699 1858 746 1902 L.
765 1854 1008 1902 Cornelius
1026 1853 1262 1909 Lentulus,
1283 1852 1346 1897 M.
1367 1852 1484 1896 Cor-

194 1930 338 1977 nelius
357 1930 580 1994 Cethegus
597 1966 610 1988 ‚
634 1930 688 1976 C.
710 1928 932 1992 Sulpicius
951 1962 964 1983 ‚
994 1927 1049 1973 C.
1073 1923 1343 1988 Calpurnius
1365 1923 1483 1969 Piso.

196 2001 348 2050 Pisoni
374 2003 620 2065 jurisdiffio
646 2002 815 2050 urbana
833 2038 846 2060 ‚
872 2000 1075 2063 Sulpicio
1107 1998 1285 2055 Sicilia,
1315 1997 1486 2044 Cethe-

198 2095 257 2141 go
271 2078 435 2141 Apulia
447 2077 662 2133 ‚Lentulo
678 2075 881 2123 Sardinia
898 2073 1064 2123 evenit.
1085 2071 1357 2120 Consulibus
1377 2085 1486 2134 pro-

196 2165 406 2216 rogatum
428 2152 473 2199 in
495 2169 661 2200 annum
680 2150 919 2216 imperium
941 2149 1018 2196 est.

606 2339 1093 2353 —ffl-—m———a
