1628 2890
194 165 284 213 292
541 145 761 192 T1T1
839 147 1107 193 L1V11

192 274 277 304 nos
310 257 439 303 Deos
462 286 475 309 ‚
510 252 726 316 templum
767 251 813 298 id
852 251 992 315 ipsum
1026 253 1252 316 primum,
1286 250 1413 316 quod
1447 269 1471 299 a

192 331 413 380 Marcello
453 329 615 377 eximie
650 344 857 375 ornatum
892 328 982 387 est,
1012 329 1164 376 verrit.
1206 329 1474 375 Visebantur

190 406 310 452 enim
347 404 402 450 ab
436 402 631 450 externis
662 403 714 448 ad
746 413 921 465 portam
955 404 1181 464 Capenam
1216 402 1418 449 dedicata
1449 418 1474 447 a

190 478 411 525 Marcesso
443 478 633 540 templa,
670 490 856 539 Propter
883 494 952 524 ex:
971 476 1150 523 effeniia
1180 475 1272 536 eius
1302 476 1474 540 generis

189 563 482 610 ornamenta,
512 567 707 615 quorum
726 551 969 614 perexigua.
995 568 1093 613 pars
1117 562 1361 612 comparet.
1389 552 1474 596 Le-

189 626 392 690 gationes
420 624 625 671 omnium
659 623 796 670 ferme
825 623 1059 670 civitat-um
1095 622 1257 669 Siciliae
1292 623 1344 670 ad
1373 640 1476 670 eum

190 697 541 746 conveniebant.
582 696 744 759 Dispar
771 708 820 742 ut
851 696 978 743 causa
1006 712 1156 742 earum
1176 731 1189 754 ‚
1222 695 1282 741 ita
1311 696 1474 741 condi-

189 770 259 818 tio
291 781 398 816 erat.
433 768 511 833 qui
538 780 639 815 ante
663 779 811 831 capras
834 767 1071 832 Syracusas
1099 779 1176 814 aut
1207 783 1303 813 non
1332 767 1475 814 desci-

188 856 378 900 verant,
399 853 475 888 aut
499 840 721 887 redierant
749 839 797 886 in
824 838 1064 887 amicitiam
1081 875 1094 897 ‚
1121 851 1170 885 ut
1187 838 1299 886 socii
1324 838 1475 886 fideles

189 913 367 978 accepti
400 911 628 976 cultique3
666 927 784 975 quos
814 923 956 957 metus
984 909 1085 973 post
1112 922 1260 974 captae
1280 912 1476 975 Syracu—

189 991 254 1037 sas
284 987 540 1044 dediderat,
568 997 620 1032 ut
644 984 749 1032 viffi
781 1001 806 1030 a
835 985 1008 1032 vistore
1037 984 1154 1047 leges
1188 997 1472 1047 acceperunt.

189 1066 328 1110 Erant
353 1073 501 1106 tamen
528 1058 645 1104 haud
661 1074 813 1120 parvae
842 1056 1041 1116 reliquiae
1074 1057 1178 1103 belli
1199 1058 1317 1105 circa
1339 1059 1472 1122 Agri-

190 1147 377 1200 gentum
396 1129 641 1180 Romanis:
673 1129 898 1192 Epicydes
929 1131 978 1175 &
1008 1130 1171 1175 Hanno
1205 1130 1338 1176 duces
1367 1131 1473 1176 reli-

189 1208 270 1271 qui
294 1206 458 1270 prioris
485 1203 616 1261 belli,
641 1203 692 1248 &
717 1202 873 1247 tertius
901 1217 1050 1247 novus
1081 1202 1136 1247 ab
1155 1203 1404 1248 Hannibale
1424 1204 1470 1249 in

187 1285 345 1330 locum
370 1277 662 1341 Hippocratis
680 1276 830 1322 missus
846 1311 859 1333 ‚
889 1274 1279 1338 Libyphoenicum
1299 1276 1471 1338 generis

187 1350 514 1414 Hipponiates,
551 1346 808 1412 (Mutinem
836 1348 1080 1410 populares
1106 1348 1370 1412 vocabant)
1401 1349 1473 1394 vir

188 1425 408 1489 impiger,
443 1424 492 1469 ὃ(
528 1422 606 1468 sub
644 1422 895 1469 Hannibale
926 1421 1134 1485 magistro
1173 1438 1330 1468 omnes
1366 1423 1474 1470 belli

188 1510 303 1544 artes
323 1494 520 1540 edossus.
550 1491 667 1538 Huic
685 1491 740 1537 ab
758 1491 962 1555 Epicyde
982 1492 1033 1538 &
1059 1492 1286 1538 Hannone
1307 1492 1349 1537 N
1355 1493 1472 1538 umi-

189 1570 256 1616 dae
289 1566 379 1614 dati
407 1565 669 1613 auxiliares:
706 1581 808 1610 cum
837 1565 1001 1628 quibus
1023 1564 1085 1610 ita
1114 1578 1383 1629 pervagatus
1410 1566 1472 1614 est

187 1640 384 1687 hostium
412 1653 542 1701 agros
558 1671 571 1694 ,
599 1636 659 1682 ita
684 1635 833 1683 socios
852 1637 905 1682 ad
925 1637 1186 1684 retinendos
1203 1638 1249 1683 in
1266 1637 1354 1684 fide
1372 1639 1471 1685 ani-

187 1731 290 1761 mos
318 1730 478 1772 eorum
497 1747 509 1771 ‚
539 1710 817 1774 serendoque
842 1711 889 1756 in
924 1723 1129 1775 tempore
1156 1712 1315 1776 cuique
1342 1715 1472 1760 auxi-

187 1792 297 1838 lium
315 1827 329 1850 ,
350 1790 486 1848 adiit,
520 1801 569 1835 ut
599 1787 727 1844 brevi
757 1798 961 1850 tempore
988 1799 1129 1834 totam
1154 1788 1349 1834 Siciliam
1383 1788 1470 1834 im—

184 1866 330 1929 pleret
358 1862 556 1912 nominis
587 1861 683 1918 sui3
718 1878 801 1908 nec
832 1860 926 1923 spes
961 1861 1043 1906 alia
1076 1861 1221 1922 major
1255 1862 1370 1924 apud
1404 1861 1470 1908 fa·-

186 1952 347 1987 ventes
375 1939 504 1985 rebus
532 1935 964 1999 Carthaginiensium
999 1935 1116 1981 effet.
1146 1937 1299 1997 Itaque
1325 1935 1468 1982 inclu-

184 2011 219 2058 fi
249 2011 304 2058 ad
326 2022 500 2074 tempus
520 2009 747 2056 moenibus
775 2007 1004 2070 Agrigenti
1031 2008 1122 2053 dux
1149 2007 1318 2052 Poenus
1339 2005 1470 2068 Syra-

186 2083 463 2146 cusanusque
482 2120 496 2140 ‚
533 2099 627 2129 non
651 2081 842 2130 consilio
866 2080 1051 2126 Mutinis
1069 2116 1083 2138 ,
1116 2096 1250 2142 quam
1283 2078 1468 2134 fiducia,

185 2155 326 2220 magis
345 2157 433 2202 ausi
455 2155 605 2219 egredi
629 2166 754 2201 extra
772 2170 947 2209 muros,
970 2153 1023 2198 ad
1042 2152 1271 2197 Himeram
1291 2168 1467 2197 amnem

183 2227 432 2290 posuerunt
464 2226 612 2273 castra.
650 2226 794 2285 Quod
824 2224 902 2280 ubi
933 2224 1154 2287 perlatum
1186 2223 1240 2268 ad
1273 2223 1466 2268 Marcel-

183 2300 278 2346 lum
303 2299 363 2345 est
379 2336 392 2355 ‚
422 2299 650 2359 externplo
683 2296 838 2359 copias
861 2296 1034 2351 movit;
1064 2298 1112 2342 &
1136 2297 1190 2341 ab
1211 2295 1335 2340 hoste
1356 2310 1465 2357 qua-

183 2383 291 2418 tuor
319 2369 456 2415 ferme
488 2367 677 2414 millium
699 2366 941 2413 intervallo
971 2366 1205 2424 consedit,
1231 2366 1340 2429 quid
1363 2382 1466 2428 age-

184 2456 288 2493 rent
320 2456 589 2508 pararentve
622 2441 961 2506 exspectaturus.
1000 2440 1085 2488 Sed
1113 2440 1289 2488 nullum
1318 2456 1464 2504 neque
