1628 2890
262 158 802 208 HisToR1ARUM
850 162 972 210 Lm.
1008 164 1224 213 xxvii.
1292 183 1385 229 419

101 265 388 329 maximeque
420 267 552 313 unius
583 265 678 327 ejus
709 284 848 331 opera
879 282 1108 333 receptum
1139 271 1386 327 Tarentum

104 336 250 396 foret;
285 340 440 387 mediis
472 342 526 387 ad
560 341 765 390 censores
786 379 798 398 ‚
832 359 927 389 non
953 345 1014 405 >ad
1044 344 1270 404 senatum,
1300 364 1389 394 no-

104 412 279 459 tionem
310 413 363 459 de
399 431 455 461 eo
489 404 712 476 pertinere
749 415 1013 464 dicentibus.
1049 418 1176 480 cujus
1211 419 1390 468 senten-

105 485 180 532 tiae
213 488 260 534 &
298 488 455 535 Fabius
483 487 579 536 fuit.
614 488 777 551 adjecit
808 485 982 549 tamen,
1002 493 1135 553 fateri
1152 497 1201 556 fi
1221 532 1234 554 ‚
1270 516 1391 558 opera

106 564 222 607 Livii
243 565 465 610 Tarentum
487 581 683 625 receptum
699 601 713 623 ,
729 569 843 626 quod
858 571 986 613 amici
1005 569 1096 624 ejus
1113 575 1235 633 vulgo
1262 573 1394 633 inse-

106 648 211 677 natu
235 633 489 696 jac‘laffirzt:
519 655 643 696 neque
680 640 788 683 enim
825 641 1106 698 recipiundum
1131 640 1283 705 fuiſjfz,
1312 642 1399 707 nisi

91 698 298 769 'amiffimz
320 709 447 765 foret.
478 708 729 755 Consulum
758 710 868 755 alter
892 713 948 757 T.
968 713 1211 772 Quinctius
1229 715 1395 778 Crispi-

110 795 194 825 nus
215 780 269 826 ad
291 781 539 827 exercitum
555 819 568 839 ‚
589 799 722 846 quem
744 783 805 843 Q.
826 784 1010 831 Fulvius
1029 785 1210 834 Flaccus
1228 788 1395 836 habue-

110 863 212 907 rat,
243 869 343 898 cum
385 852 696 916 supplemento
731 854 777 901 in
813 857 1020 903 Lucanos
1055 858 1116 905 est
1152 860 1397 922 profectus.

113 925 378 973 Marcellum
409 927 506 973 aliae
536 940 667 991 atque
691 928 789 975 aliae
818 929 1005 991 objeElae
1028 932 1181 978 animo
1207 933 1396 997 religio-²

113 1012 191 1042 nes
222 999 448 1046 tenebant.
482 999 530 1046 in
553 999 738 1062 quibus,
761 1002 913 1064 quod,
940 1019 1043 1050 cum
1064 1004 1187 1050 bello
1211 1007 1396 1053 Gallico

114 1071 170 1116 ad
185 1071 447 1118 Clastidium
468 1073 605 1118 aedem
624 1074 805 1120 Honori
830 1075 1059 1123 &Virtuti
1078 1078 1300 1136 vovisset,
1321 1080 1399 1125 de·-

114 1143 280 1190 dicatio
303 1144 394 1205 ejus
418 1162 441 1191 a
463 1144 760 1208 pontificibus
781 1146 1105 1210 impediebatur
1125 1168 1136 1195 ε
1165 1153 1291 1214 quod
1317 1170 1402 1200 nea·

114 1215 304 1278 gabant,
328 1233 463 1262 unam
493 1217 649 1263 cellam
680 1218 861 1265 duobus
881 1220 996 1265 reite
1017 1221 1237 1270 dedicari:
1268 1224 1400 1286 quia,

116 1288 149 1334 fi
180 1289 232 1334 de
258 1289 381 1336 coelo
410 1291 522 1336 tac‘la
542 1327 556 1349 ‚
579 1304 654 1337 aut
673 1292 867 1356 prodigii
887 1293 1054 1356 aliquid
1084 1295 1130 1340 in
1162 1312 1212 1342 ea
1237 1296 1401 1345 fac'mm

118 1361 252 1418 esset,
285 1362 478 1409 difficilis
513 1365 776 1427 procuratio
809 1365 955 1412 foret:⁴
985 1369 1141 1430 quod,
1175 1370 1264 1416 utri
1291 1372 1402 1418 Deo

119 1452 189 1481 res
226 1436 381 1484 divina
419 1437 542 1485 fieret
565 1475 579 1497 ‚
626 1439 725 1487 sciri
759 1457 855 1487 non
895 1441 1054 1504 poffet.
1098 1460 1245 1508 neque
1283 1447 1405 1495 enim

119 1507 297 1555 duobus
317 1546 330 1563 ‚
360 1510 438 1555 nisi
471 1509 630 1568 certi3‚
661 1512 774 1560 Deis
803 1513 888 1560 rite
907 1531 995 1561 una
1025 1515 1168 1563 hostia
1195 1516 1305 1566 fieri.
1342 1521 1404 1569 ita

121 1581 267 1629 addita
296 1582 488 1630 Virtutis
518 1584 630 1631 aedes
653 1599 956 1648 approperato
981 1605 1119 1652 opere
1140 1609 1151 1637 ε
1171 1608 1318 1656 neque
1338 1601 1422 1640 ta-'

119 1671 224 1699 men
253 1654 308 1700 ab
334 1654 430 1717 ipso
462 1657 576 1704 aedes
609 1674 672 1703 eae
696 1658 909 1706 dedicatae
937 1660 1048 1708 sunt.
1079 1664 1198 1710 Tum
1226 1665 1407 1715 demum

120 1727 176 1774 ad
203 1728 449 1775 exercitum
467 1766 480 1786 ,
500 1747 631 1792 quem
653 1732 804 1794 priore
829 1750 952 1779 anno
974 1737 1183 1782 Venufiae
1210 1738 1406 1802 relique-

121 1812 210 1857 rat,
231 1817 333 1848 cum
353 1801 662 1864 supplemento
683 1802 1000 1865 proficiscitur.
1022 1807 1197 1855 Locros
1215 1809 1261 1854 in
1278 1812 1408 1858 Brut-

121 1873 195 1920 tiis
232 1872 467 1936 Crispinus
501 1892 763 1939 oppugnare
800 1890 1015 1934 conatus,
1053 1880 1158 1943 quia
1203 1900 1410 1946 magnam

123 1947 288 1994 famam
310 1947 497 1994 attulisse
521 1949 658 1995 Fabio
680 1949 926 1996 Tarentum
947 1951 1152 2011 rebatur,
1174 1970 1310 2001 omne
1331 1973 1412 2019 ge-

123 2036 210 2066 nus
234 2031 567 2067 tormentorum
600 2021 995 2084 machinarumque
1024 2039 1078 2069 ex
1099 2025 1245 2072 Sicilia
1267 2028 1414 2075 arces-

125 2093 284 2138 sierat:
317 2093 367 2140 &
396 2109 534 2140 naves
569 2092 768 2140 indidem
801 2094 955 2141 accitae
984 2111 1140 2153 erant,
1170 2113 1272 2159 uuae
1303 2116 1414 2146 ver—

127 2177 305 2229 gentem
345 2166 400 2212 ad
440 2183 560 2212 mare
604 2179 773 2229 partem
812 2167 933 2214 urbis
972 2185 1300 2232 oppugnarent.
1349 2176 1413 2220 Ea

127 2238 282 2285 omissa
323 2239 606 2302 oppugnatio
644 2240 734 2299 est,
771 2241 873 2304 quia
914 2241 1148 2287 Lacinium
1187 2244 1415 2293 Hannibal

128 2313 394 2360 admoverat
432 2312 625 2375 copias:
663 2315 714 2361 &
749 2314 968 2377 collegam
1009 2315 1204 2362 eduxisse
1241 2316 1325 2377 jam
1358 2320 1415 2365 ab

128 2387 324 2432 Venusia
346 2386 593 2434 exercitum
612 2385 728 2434 fama
746 2401 861 2447 erat,
880 2390 951 2435 cui
974 2389 1192 2453 conjungi
1217 2392 1407 2437 volebat.

130 2460 281 2522 ltaque
316 2459 363 2506 in
398 2459 609 2523 Apuliam
645 2476 702 2508 ex
734 2462 916 2509 Bruttiis
953 2463 1173 2517 reditum,
1212 2467 1260 2511 &c
1297 2463 1413 2517 inter

1015 2532 1157 2579 Ddz
