1628 2890
250 120 799 203 HisToRIARUM
841 155 967 201 ΜΒ.
1004 152 1226 201 XXvn.
1297 168 1388 214 443

98 261 189 309 bat.
219 265 395 326 ltaque,
423 279 480 309 ne
512 280 617 309 cum
638 262 820 309 duobus
840 261 1110 308 exercitibus
1130 259 1260 307 fimul
1280 277 1393 306 con-

102 336 302 399 fligeret,
336 336 560 384 Hannibal
591 337 723 382 noae
757 335 891 382 castra
919 352 975 380 ex
1009 352 1118 396 agro
1138 334 1393 380 Tarentino

103 409 277 465 movit,
297 420 430 472 atque
453 409 499 454 in
514 408 712 455 Bruttios
732 407 963 455 conceffit.
999 406 1214 454 Claudius
1236 406 1281 452 in
1296 406 1393 452 Sal-

103 482 304 529 lentinos
333 500 492 546 agmen
526 482 771 529 convertit.
811 481 1055 538 Hostilius,
1078 483 1278 543 Capuam
1311 498 1395 542 pe·-

102 566 229 614 tens,
261 556 426 603 obvius
451 556 505 602 acl
529 556 772 602 Venusiam
800 555 850 601 fit
879 554 1054 601 consuli
1087 554 1294 600 Claudio.
1324 554 1393 600 Ibi
1453 563 1459 567 ”

102 643 160 673 ex
178 640 374 692 utroque
390 627 591 674 exercitu
610 628 745 675 electa
760 627 959 690 peditum
981 626 1275 690 quadraginta
1292 626 1395 676 mil.

101 697 159 745 lia
174 734 187 756 ‚
220 700 311 745 duo
331 698 470 745 millia
490 699 540 745 &
557 697 791 762 quingenti
817 697 988 761 equites
1004 733 1018 755 ,
1043 696 1205 759 quibus
1234 696 1394 743 consul

102 773 316 821 adversus
338 772 636 820 Hannibalem
659 789 752 819 rem
781 782 979 834 gereret:
1016 770 1209 822 reliquas
1240 770 1395 833 copias

101 846 325 895 Hostilius
346 849 543 909 Capuam
566 847 728 895 ducere
749 844 885 907 juffus
899 879 914 904 ,
941 855 992 890 ut
1015 844 1076 903 Q.
1096 842 1260 890 Fulvio
1281 859 1394 907 pro-

103 919 278 966 consuli
304 920 508 967 traderet.

186 995 303 1041 XLI.
344 991 600 1050 Hannibal,
639 989 840 1053 undique
877 989 1113 1037 contracto
1154 988 1395 1045 exercitu,

103 1082 241 1130 quem
267 1066 313 1111 in
339 1065 564 1123 hibernis,
601 1075 676 1110 aut
705 1062 753 1108 in
783 1060 994 1124 praesidiis
1025 1060 1115 1123 agri
1135 1061 1281 1107 Brutti
1310 1061 1395 1106 ha·-

103 1139 282 1196 buerat‚
310 1140 355 1185 in
390 1142 598 1187 Lucanos
627 1137 680 1183 ad
703 1138 1004 1182 Grumentum
1031 1134 1186 1192 venit,
1217 1133 1289 1196 spe
1322 1129 1395 1179 ress·

101 1210 297 1274 cipiendi
330 1211 527 1273 oppida,
558 1226 657 1272 quae
679 1224 757 1272 per
783 1223 953 1253 metum
978 1206 1033 1252 ad
1056 1207 1292 1252 Romanos
1311 1206 1394 1251 de·-

100 1283 316 1332 feciffent.
349 1284 509 1331 eodem
534 1299 557 1328 a
579 1280 772 1327 Venusia
791 1278 951 1326 consul
977 1279 1210 1325 Romanus
1232 1278 1394 1341 explo-

103 1357 212 1405 ratis
244 1357 478 1404 itineribus
511 1353 748 1403 contendit
767 1389 779 1411 ‚
817 1354 867 1399 &
899 1351 1020 1398 mille
1049 1351 1142 1398 fere
1174 1354 1223 1399 &
1253 1352 1392 1415 quin-

100 1443 264 1494 gentos
283 1431 426 1493 paffus
456 1429 594 1476 castra
615 1427 670 1473 ab
687 1425 814 1473 hoste
833 1425 969 1472 locat.
1008 1424 1249 1471 Grumenti
1271 1442 1394 1472 moe-

103 1502 234 1549 nibus
252 1518 394 1565 prope
415 1500 664 1561 injuncium
683 1498 921 1547 videbatur
936 1499 1184 1547 Poenorum
1204 1495 1395 1543 vallum.

103 1575 340 1640 quingenti
367 1575 508 1637 paffixs
533 1574 787 1622 intererant.
823 1571 974 1618 Castra
1015 1570 1184 1618 Punica
1217 1586 1269 1616 ac
1291 1570 1394 1615 Ro-

102 1665 233 1695 mana
254 1648 369 1694 inter
394 1647 565 1709 jacebat
591 1661 797 1708 campus;
829 1644 968 1692 colles
987 1642 1284 1689 imminebant
1305 1659 1393 1687 nu-

104 1721 152 1767 di
182 1720 355 1767 sinistro
382 1720 509 1767 lateri
535 1717 995 1781 Carthaginiensium,
1023 1717 1184 1763 dextro
1217 1716 1394 1761 Roma-

101 1809 293 1851 norum,
321 1791 488 1838 neutris
508 1789 691 1853 suspecti
707 1825 721 1845 ,
743 1789 869 1852 quod
888 1788 1003 1835 nihil
1024 1788 1148 1833 filvae
1176 1803 1319 1850 neque
1337 1784 1391 1832 ad

101 1860 280 1910 infidias
307 1863 574 1909 latebrarum
603 1860 842 1907 habebant.
880 1862 929 1906 In
961 1857 1113 1904 medio
1146 1875 1307 1919 campo
1335 1858 1393 1903 ab

105 1934 374 1982 stationibus
408 1932 725 1996 procursantes
758 1932 1031 1988 certamina,
1061 1931 1178 1977 haud
1203 1931 1302 1977 satis
1323 1930 1396 1975 di-

105 2025 195 2073 gna
227 2008 374 2066 dictu,
403 2006 617 2053 serebant.
652 2006 700 2052 Id
728 2005 870 2051 modo
900 2005 1157 2051 Romanum
1189 2019 1394 2067 quaerere

106 2081 380 2144 apparebat,
416 2097 472 2127 ne
502 2079 624 2126 abire
655 2077 826 2125 hostem
858 2090 1097 2141 pateretur.
1132 2075 1392 2135 Hannibal,

103 2152 210 2200 inde
239 2154 431 2200 evadere
466 2152 682 2215 cupiens,
715 2152 825 2199 totis
857 2150 1031 2198 viribus
1062 2149 1109 2196 in
1140 2149 1283 2196 aciem
1314 2149 1409 2195 (16--

103 2225 353 2275 scendebat.
391 2228 513 2274 Tum
545 2225 732 2285 consul,
758 2223 944 2289 ingenio
972 2223 1108 2270 hostis
1129 2223 1259 2281 usus,
1296 2238 1393 2285 quo

103 2301 254 2349 minus
281 2303 329 2348 in
356 2313 447 2349 tam
477 2302 640 2366 apertis
666 2301 861 2350 collibus
884 2300 1031 2348 timeri
1064 2299 1230 2346 infidiae
1257 2310 1392 2361 pote-

103 2384 236 2432 rant,
265 2373 464 2438 quinque
491 2373 704 2420 cohortes
722 2409 737 2431 ,
763 2372 924 2419 additis
959 2371 1157 2436 quinque
1184 2369 1392 2431 manipu-

102 2445 189 2505 lis,
224 2447 356 2494 nocte
385 2447 540 2512 jugum
573 2446 806 2512 superare,
840 2448 892 2496 &
923 2447 971 2494 in
1000 2445 1166 2496 aversis
1194 2443 1389 2494 vallibus
