1628 2890
1 2074 7 2224 ἱ

2 2225 8 2481 1

6 2729 10 2890 ἶ

256 110 804 159 HISTORIARUM
850 111 975 158 LIB.
1021 112 1214 159 XXIV.
1295 129 1378 176 191

95 205 441 266 minitantemin
458 217 686 266 vestibulo
708 219 844 266 curiae
860 255 874 278 ,
895 235 1092 282 corpora
1112 218 1384 282 conjurato-

94 306 196 337 rum
225 307 283 338 eo
317 305 442 337 metu
467 290 823 354 comprefferunt
841 324 856 347 ,
889 304 938 338 ut
959 291 1133 339 silentes
1163 291 1384 357 integram

94 362 271 426 plebem
302 363 352 410 in
380 363 653 411 concionem
689 362 991 427 sequerentur.
1027 366 1224 428 Sopatro
1253 383 1386 419 man-z

44 485 48 491 Δ
96 434 250 482 datum
278 435 333 483 ab
358 435 506 483 senatu
525 436 576 483 &
602 436 658 483 ab
683 435 871 501 collegis
891 472 905 494 ‚
932 447 982 482 ut
1011 437 1150 483 verba
1169 436 1350 486 faceret.

159 509 318 557 XXV.
346 511 411 568 Is,
432 520 646 572 tanquam
671 524 773 554 reos
804 520 953 571 ageret
970 544 984 566 ,
1010 508 1064 555 ab
1094 510 1291 556 antea&a
1311 511 1384 560 vi-

95 591 141 628 ta
171 581 294 628 orsus
313 618 328 641 ,
359 596 639 646 quaecunque
673 580 774 643 post
797 580 1026 648 Hieronis
1059 593 1255 628 mortem
1289 582 1386 631 sce-

94 653 202 701 leste
235 666 367 719 atque
396 654 532 719 impie
567 652 677 699 faeta
709 651 878 711 effent,
912 653 1299 701 Andranodorum
1333 671 1387 704 ac

95 727 375 775 Themistum
395 726 539 792 arguit
556 725 718 773 fecisse.
744 726 869 787 Quid
883 729 992 772 enim
999 727 1087 787 fica
1091 728 1245 788 sponte
1255 728 1386 790 facist

84 801 136 861 fi
148 803 453 863 Hieronymum
464 819 662 863 puerum,
681 818 732 845 ac
750 801 932 845 vixdum
943 801 1228 861 pubescentem
1244 801 1386 859 facere

89 873 306 937 potuiffe?
341 877 512 921 Tutores
530 893 579 920 ac
609 873 823 938 magistros
848 871 937 928 ejus
946 873 1034 933 sub
1058 875 1200 918 aliena
1217 876 1386 921 invidia

98 945 286 1010 regnaffe.
322 951 459 1010 itaque
482 963 559 992 aut
587 962 682 991 ante
700 946 1008 1006 Hieronymum
1022 979 1036 1001 ‚
1071 960 1148 989 aut
1172 962 1270 991 certe
1293 965 1386 992 cum

96 1020 355 1081 Itlieronymo
379 1023 510 1081 perire
537 1038 606 1067 eos
627 1016 812 1081 debuiffe.
847 1021 916 1063 At
949 1021 1076 1076 illos,
1110 1021 1267 1065 debitos
1286 1020 1385 1076 jam

96 1096 221 1139 morti
242 1094 531 1159 dssinatosque
547 1128 561 1150 ,
582 1096 670 1138 alia
699 1110 811 1138 nova
829 1092 988 1152 scelera
1009 1090 1103 1157 post
1126 1108 1296 1138 mortem
1312 1110 1388 1155 ty·

97 1169 224 1211 ranni
254 1169 420 1213 molitos
435 1185 455 1222 ;
482 1171 632 1227 palam
656 1168 825 1226 primo,
854 1183 945 1211 cum
976 1163 1126 1228 clausis
1145 1169 1387 1212 Andrano-

99 1239 224 1301 dorus
256 1240 410 1299 Insulae
439 1241 577 1300 portis
611 1240 872 1284 hereditatem
909 1239 1021 1299 regni
1059 1240 1247 1295 creverit,
1282 1258 1387 1299 qua:-

98 1327 171 1368 que
187 1325 435 1368 procurator
463 1325 648 1355 tenuerat
664 1344 678 1366 ,
700 1328 781 1370 pro
813 1311 985 1354 domino
1007 1306 1260 1372 poffederit;
1279 1329 1387 1370 pro—

99 1381 216 1426 ditus
243 1383 388 1427 deinde
424 1384 475 1427 ab
502 1385 589 1435 eis,
622 1384 693 1443 qui
728 1383 773 1427 in
803 1381 954 1442 Insula
984 1397 1123 1438 erant,
1155 1384 1389 1443 circumsesl

87 1454 170 1514 sus
203 1455 256 1497 ab
285 1454 476 1514 universa
511 1456 704 1510 civitate,
739 1472 826 1514 quae
853 1454 1148 1499 Achradinam
1182 1457 1388 1511 tenuerit,

98 1529 372 1587 nequidquam
387 1531 538 1587 palam
564 1543 682 1587 atque
709 1542 840 1587 aperte
867 1528 1043 1586 petitum
1067 1544 1258 1588 regnum,
1279 1531 1386 1573 clam

102 1595 146 1643 δ’
177 1601 274 1644 dolo
310 1588 495 1662 afficft'are
527 1617 700 1646 conatus
717 1599 809 1663 stt,
844 1597 887 1645 ἃ
914 1618 964 1645 ne
995 1600 1184 1658 beneficio
1224 1603 1388 1662 quidem

98 1685 218 1731 atque
241 1673 390 1717 honore
409 1675 594 1731 potuerit
617 1672 733 1718 vinci
751 1707 767 1728 ,
800 1689 891 1717 cum
924 1675 1031 1718 inter
1058 1674 1293 1719 liberatores
1307 1693 1389 1734 pa-

100 1745 186 1788 triae
216 1743 439 1808 insidiator
463 1747 548 1806 isus}
575 1745 776 1791 libertatis
803 1762 959 1791 creatus
989 1744 1082 1809 effet
1102 1763 1271 1807 praetor.
1305 1749 1391 1792 Sed

100 1818 265 1861 animos
288 1819 346 1862 eis
363 1820 493 1879 regios
519 1818 718 1880 conjuges
738 1822 871 1880 regias
893 1817 1036 1882 feciffe
1051 1854 1066 1877 ‚
1093 1822 1212 1865 alteri
1235 1821 1391 1865 Hiero·

100 1890 168 1933 nis
187 1918 201 1942 ,
228 1891 347 1935 alteri
375 1890 574 1948 Gelonis,
596 1891 722 1949 filius
749 1907 917 1951 nuptas.
948 1890 1039 1937 Sub
1072 1891 1188 1937 hanc
1219 1906 1389 1938 vocem

100 1976 157 2005 ex
181 1960 392 2008 omnibus
414 1962 610 2023 partibus
628 1961 869 2010 concionis
896 1961 1070 2009 clamor
1096 1962 1241 2009 oritur
1256 1998 1270 2021 ,
1287 1963 1388 2010 nul-

100 2030 188 2077 lam
219 2049 372 2079 earum
392 2033 550 2081 vivere
577 2033 762 2093 debere,
783 2050 868 2081 nec
888 2050 1147 2098 quenquam
1168 2033 1386 2098 superesse

99 2119 404 2169 tyrannorum
433 2108 591 2172 stirpis.
625 2110 736 2156 Haec
768 2120 927 2156 natura
957 2109 1255 2156 multitudinis
1293 2110 1385 2165 est;

99 2193 176 2227 aut
197 2181 329 2229 servit
349 2182 577 2228 humiliter
594 2218 609 2241 ‚
629 2194 705 2229 aut
725 2181 909 2245 superbe
929 2183 1211 2229 dominatur:
1248 2182 1386 2229 liber-

99 2265 268 2312 πείρην,
301 2271 401 2318 quae
433 2255 580 2301 media
598 2254 690 2314 est,
724 2271 808 2302 nec
826 2254 1032 2319 spernere
1062 2256 1268 2314 modice,
1297 2272 1384 2304 nec

101 2327 262 2374 habere
283 2327 454 2376 sciunt:
485 2329 536 2376 &
563 2345 659 2375 non
693 2329 833 2376 ferme
859 2329 1016 2376 desunt
1039 2329 1207 2376 irarum
1232 2328 1385 2376 indul-

102 2412 254 2465 gentes
271 2400 481 2463 ministri,
495 2401 572 2467 qui
593 2401 753 2453 avidos
774 2413 906 2468 atque
919 2402 1269 2467 intemperantes
1287 2402 1385 2470 ple-e·
