<?xml version="1.0" encoding="UTF-8"?>
<!DOCTYPE html PUBLIC "-//W3C//DTD XHTML 1.0 Transitional//EN"
    "http://www.w3.org/TR/xhtml1/DTD/xhtml1-transitional.dtd">
<html xmlns="http://www.w3.org/1999/xhtml" xml:lang="en" lang="en">
 <head>
  <title>
</title>
<meta http-equiv="Content-Type" content="text/html;charset=utf-8" />
  <meta name='ocr-system' content='tesseract 3.04.00' />
  <meta name='ocr-capabilities' content='ocr_page ocr_carea ocr_par ocr_line ocrx_word'/>
</head>
<body>
  <div class='ocr_page' id='page_1' title='image "./historiarumlibri04livyuoft_0315.png"; bbox 0 0 1628 2890; ppageno 0'>
   <div class='ocr_carea' id='block_1_1' title="bbox 249 141 1368 210">
    <p class='ocr_par' dir='ltr' id='par_1_1' title="bbox 249 141 1368 210">
     <span class='ocr_line' id='line_1_1' title="bbox 249 141 1368 210; baseline 0.004 -22"><span class='ocrx_word' id='word_1_1' title='bbox 249 141 790 190; x_wconf 82' lang='lat' dir='ltr'>HISTORIARUM</span> <span class='ocrx_word' id='word_1_2' title='bbox 837 143 959 190; x_wconf 89' lang='lat' dir='ltr'><strong>LIB.</strong></span> <span class='ocrx_word' id='word_1_3' title='bbox 1001 143 1204 192; x_wconf 82' lang='lat' dir='ltr'>XXVI.</span> <span class='ocrx_word' id='word_1_4' title='bbox 1280 160 1368 210; x_wconf 79' lang='lat'>305</span> 
     </span>
    </p>
   </div>
   <div class='ocr_carea' id='block_1_2' title="bbox 88 247 1414 2428">
    <p class='ocr_par' dir='ltr' id='par_1_2' title="bbox 88 247 1414 2428">
     <span class='ocr_line' id='line_1_2' title="bbox 88 247 1374 314; baseline 0.003 -20"><span class='ocrx_word' id='word_1_5' title='bbox 88 248 330 310; x_wconf 76' lang='lat' dir='ltr'>Campanis</span> <span class='ocrx_word' id='word_1_6' title='bbox 344 248 545 293; x_wconf 79' lang='lat' dir='ltr'>tradunt:</span> <span class='ocrx_word' id='word_1_7' title='bbox 564 247 774 311; x_wconf 82' lang='lat' dir='ltr'>signaque</span> <span class='ocrx_word' id='word_1_8' title='bbox 789 247 1230 312; x_wconf 80' lang='lat' dir='ltr'>Carthaginiensibus</span> <span class='ocrx_word' id='word_1_9' title='bbox 1243 252 1374 314; x_wconf 85' lang='lat' dir='ltr'>quin-</span> 
     </span>
     <span class='ocr_line' id='line_1_3' title="bbox 92 319 1376 386; baseline 0.004 -20"><span class='ocrx_word' id='word_1_10' title='bbox 92 321 235 367; x_wconf 82' lang='lat' dir='ltr'>decim</span> <span class='ocrx_word' id='word_1_11' title='bbox 258 322 453 377; x_wconf 83' lang='lat' dir='ltr'>ademta,</span> <span class='ocrx_word' id='word_1_12' title='bbox 481 319 799 383; x_wconf 82' lang='lat' dir='ltr'>duodeviginti</span> <span class='ocrx_word' id='word_1_13' title='bbox 822 320 1080 383; x_wconf 86' lang='lat' dir='ltr'>Campanis.</span> <span class='ocrx_word' id='word_1_14' title='bbox 1113 323 1243 386; x_wconf 88' lang='lat' dir='ltr'>Apud</span> <span class='ocrx_word' id='word_1_15' title='bbox 1263 324 1376 371; x_wconf 81' lang='lat' dir='ltr'>alios</span> 
     </span>
     <span class='ocr_line' id='line_1_4' title="bbox 93 394 1377 460; baseline 0.003 -20"><span class='ocrx_word' id='word_1_16' title='bbox 93 411 372 458; x_wconf 80' lang='lat' dir='ltr'>nequaquam</span> <span class='ocrx_word' id='word_1_17' title='bbox 404 405 572 440; x_wconf 82' lang='lat' dir='ltr'>tantam</span> <span class='ocrx_word' id='word_1_18' title='bbox 599 394 768 439; x_wconf 88' lang='lat' dir='ltr'>molem</span> <span class='ocrx_word' id='word_1_19' title='bbox 789 409 948 455; x_wconf 73' lang='lat' dir='ltr'>pugnae</span> <span class='ocrx_word' id='word_1_20' title='bbox 977 395 1162 453; x_wconf 86' lang='lat' dir='ltr'>inveni,</span> <span class='ocrx_word' id='word_1_21' title='bbox 1190 396 1377 460; x_wconf 86' lang='lat' dir='ltr'>plusque</span> 
     </span>
     <span class='ocr_line' id='line_1_5' title="bbox 92 462 1376 532; baseline 0.003 -19"><span class='ocrx_word' id='word_1_22' title='bbox 92 467 277 529; x_wconf 87' lang='lat' dir='ltr'>pavoris</span> <span class='ocrx_word' id='word_1_23' title='bbox 297 503 311 524; x_wconf 78' lang='lat'>‚</span> <span class='ocrx_word' id='word_1_24' title='bbox 336 483 469 529; x_wconf 88' lang='lat' dir='ltr'>quam</span> <span class='ocrx_word' id='word_1_25' title='bbox 498 462 752 513; x_wconf 63' lang='lat' dir='ltr'>certamini}</span> <span class='ocrx_word' id='word_1_26' title='bbox 772 502 785 522; x_wconf 85' lang='lat'>,</span> <span class='ocrx_word' id='word_1_27' title='bbox 815 465 971 513; x_wconf 78' lang='lat' dir='ltr'>fuiffe:</span> <span class='ocrx_word' id='word_1_28' title='bbox 1003 485 1104 514; x_wconf 89' lang='lat' dir='ltr'>cum</span> <span class='ocrx_word' id='word_1_29' title='bbox 1133 469 1376 532; x_wconf 85' lang='lat' dir='ltr'>inopinato</span> 
     </span>
     <span class='ocr_line' id='line_1_6' title="bbox 93 536 1380 603; baseline 0.002 -19"><span class='ocrx_word' id='word_1_30' title='bbox 93 539 141 584; x_wconf 83' lang='lat' dir='ltr'>in</span> <span class='ocrx_word' id='word_1_31' title='bbox 163 539 301 584; x_wconf 83' lang='lat' dir='ltr'>castra</span> <span class='ocrx_word' id='word_1_32' title='bbox 318 539 521 584; x_wconf 80' lang='lat' dir='ltr'>Romana</span> <span class='ocrx_word' id='word_1_33' title='bbox 539 536 747 582; x_wconf 81' lang='lat' dir='ltr'>Numidae</span> <span class='ocrx_word' id='word_1_34' title='bbox 759 537 1032 602; x_wconf 77' lang='lat' dir='ltr'>Hispanique</span> <span class='ocrx_word' id='word_1_35' title='bbox 1048 556 1151 586; x_wconf 86' lang='lat' dir='ltr'>cum</span> <span class='ocrx_word' id='word_1_36' title='bbox 1171 541 1380 603; x_wconf 80' lang='lat' dir='ltr'>elephan-</span> 
     </span>
     <span class='ocr_line' id='line_1_7' title="bbox 93 608 1382 672; baseline 0.004 -17"><span class='ocrx_word' id='word_1_37' title='bbox 93 610 150 656; x_wconf 85' lang='lat' dir='ltr'>tis</span> <span class='ocrx_word' id='word_1_38' title='bbox 184 610 466 672; x_wconf 76' lang='lat' dir='ltr'>irrupiffent3</span> <span class='ocrx_word' id='word_1_39' title='bbox 498 608 752 670; x_wconf 74' lang='lat' dir='ltr'>elephanti,</span> <span class='ocrx_word' id='word_1_40' title='bbox 775 625 853 670; x_wconf 90' lang='lat' dir='ltr'>per</span> <span class='ocrx_word' id='word_1_41' title='bbox 872 612 1014 661; x_wconf 76' lang='lat' dir='ltr'>media</span> <span class='ocrx_word' id='word_1_42' title='bbox 1045 612 1182 658; x_wconf 84' lang='lat' dir='ltr'>castra</span> <span class='ocrx_word' id='word_1_43' title='bbox 1205 616 1382 660; x_wconf 65' lang='lat' dir='ltr'>vadem-2</span> 
     </span>
     <span class='ocr_line' id='line_1_8' title="bbox 93 679 1379 743; baseline 0.002 -16"><span class='ocrx_word' id='word_1_44' title='bbox 93 693 158 728; x_wconf 84' lang='lat' dir='ltr'>tes</span> <span class='ocrx_word' id='word_1_45' title='bbox 174 719 188 738; x_wconf 83' lang='grc'>,</span> <span class='ocrx_word' id='word_1_46' title='bbox 217 681 399 743; x_wconf 82' lang='lat' dir='ltr'>stragem</span> <span class='ocrx_word' id='word_1_47' title='bbox 420 679 827 726; x_wconf 59' lang='lat' dir='ltr'>⁴tabern&lt;mulorum</span> <span class='ocrx_word' id='word_1_48' title='bbox 857 680 1027 743; x_wconf 79' lang='lat' dir='ltr'>ingenti</span> <span class='ocrx_word' id='word_1_49' title='bbox 1052 682 1203 729; x_wconf 83' lang='lat' dir='ltr'>sonitu</span> <span class='ocrx_word' id='word_1_50' title='bbox 1235 702 1286 732; x_wconf 86' lang='lat' dir='ltr'>ac</span> <span class='ocrx_word' id='word_1_51' title='bbox 1310 686 1379 731; x_wconf 74' lang='lat' dir='ltr'>fu-</span> 
     </span>
     <span class='ocr_line' id='line_1_9' title="bbox 95 750 1378 817; baseline 0.004 -18"><span class='ocrx_word' id='word_1_52' title='bbox 95 771 194 817; x_wconf 84' lang='lat' dir='ltr'>gam</span> <span class='ocrx_word' id='word_1_53' title='bbox 229 750 588 814; x_wconf 76' lang='lat' dir='ltr'>abrumpentium</span> <span class='ocrx_word' id='word_1_54' title='bbox 613 750 797 797; x_wconf 82' lang='lat' dir='ltr'>vincula</span> <span class='ocrx_word' id='word_1_55' title='bbox 823 751 1130 812; x_wconf 83' lang='lat' dir='ltr'>jumentorum</span> <span class='ocrx_word' id='word_1_56' title='bbox 1156 756 1378 813; x_wconf 76' lang='lat' dir='ltr'>facerent3</span> 
     </span>
     <span class='ocr_line' id='line_1_10' title="bbox 96 819 1385 885; baseline -0.002 -17"><span class='ocrx_word' id='word_1_57' title='bbox 96 822 301 869; x_wconf 76' lang='lat' dir='ltr'>fraudem</span> <span class='ocrx_word' id='word_1_58' title='bbox 334 836 516 883; x_wconf 84' lang='lat' dir='ltr'>quoque</span> <span class='ocrx_word' id='word_1_59' title='bbox 537 819 667 881; x_wconf 88' lang='lat' dir='ltr'>super</span> <span class='ocrx_word' id='word_1_60' title='bbox 689 821 931 868; x_wconf 81' lang='lat' dir='ltr'>tumultum</span> <span class='ocrx_word' id='word_1_61' title='bbox 952 823 1162 884; x_wconf 62' lang='lat' dir='ltr'>adjeffiam</span> <span class='ocrx_word' id='word_1_62' title='bbox 1177 862 1191 885; x_wconf 75' lang='lat'><strong>,</strong></span> <span class='ocrx_word' id='word_1_63' title='bbox 1217 829 1385 875; x_wconf 62' lang='lat' dir='ltr'>immis.</span> 
     </span>
     <span class='ocr_line' id='line_1_11' title="bbox 98 890 1386 959; baseline 0.005 -18"><span class='ocrx_word' id='word_1_64' title='bbox 98 895 152 942; x_wconf 77' lang='lat' dir='ltr'>sis</span> <span class='ocrx_word' id='word_1_65' title='bbox 182 894 236 940; x_wconf 87' lang='lat' dir='ltr'>ab</span> <span class='ocrx_word' id='word_1_66' title='bbox 255 891 535 949; x_wconf 75' lang='lat' dir='ltr'>Hannibale,</span> <span class='ocrx_word' id='word_1_67' title='bbox 573 891 649 954; x_wconf 85' lang='lat' dir='ltr'>qui</span> <span class='ocrx_word' id='word_1_68' title='bbox 688 890 877 956; x_wconf 83' lang='lat' dir='ltr'>(habuit</span> <span class='ocrx_word' id='word_1_69' title='bbox 910 894 1117 959; x_wconf 80' lang='lat' dir='ltr'>aliquot)</span> <span class='ocrx_word' id='word_1_70' title='bbox 1155 901 1280 959; x_wconf 84' lang='lat' dir='ltr'>gnari</span> <span class='ocrx_word' id='word_1_71' title='bbox 1300 904 1386 948; x_wconf 89' lang='lat' dir='ltr'>La-</span> 
     </span>
     <span class='ocr_line' id='line_1_12' title="bbox 100 963 1386 1031; baseline 0.005 -19"><span class='ocrx_word' id='word_1_72' title='bbox 100 967 207 1012; x_wconf 77' lang='lat' dir='ltr'>tinae</span> <span class='ocrx_word' id='word_1_73' title='bbox 242 966 408 1029; x_wconf 76' lang='lat' dir='ltr'>linguae</span> <span class='ocrx_word' id='word_1_74' title='bbox 440 963 648 1025; x_wconf 80' lang='lat' dir='ltr'>juberent</span> <span class='ocrx_word' id='word_1_75' title='bbox 682 964 920 1011; x_wconf 77' lang='lat' dir='ltr'>consulum</span> <span class='ocrx_word' id='word_1_76' title='bbox 955 966 1131 1025; x_wconf 76' lang='lat' dir='ltr'>verbis,</span> <span class='ocrx_word' id='word_1_77' title='bbox 1166 972 1386 1031; x_wconf 79' lang='lat' dir='ltr'>quoniam</span> 
     </span>
     <span class='ocr_line' id='line_1_13' title="bbox 100 1036 1386 1103; baseline 0.004 -15"><span class='ocrx_word' id='word_1_78' title='bbox 100 1040 251 1088; x_wconf 73' lang='lat' dir='ltr'>amiffa</span> <span class='ocrx_word' id='word_1_79' title='bbox 290 1038 429 1086; x_wconf 83' lang='lat' dir='ltr'>castra</span> <span class='ocrx_word' id='word_1_80' title='bbox 458 1036 626 1094; x_wconf 80' lang='lat' dir='ltr'>ess&#39;ent,</span> <span class='ocrx_word' id='word_1_81' title='bbox 662 1054 747 1099; x_wconf 89' lang='lat' dir='ltr'>pro</span> <span class='ocrx_word' id='word_1_82' title='bbox 784 1037 826 1085; x_wconf 81' lang='lat' dir='ltr'>se</span> <span class='ocrx_word' id='word_1_83' title='bbox 856 1055 1081 1103; x_wconf 81' lang='lat' dir='ltr'>quemque</span> <span class='ocrx_word' id='word_1_84' title='bbox 1106 1041 1298 1091; x_wconf 72' lang='lat' dir='ltr'>militum</span> <span class='ocrx_word' id='word_1_85' title='bbox 1336 1047 1386 1093; x_wconf 82' lang='lat' dir='ltr'>in</span> 
     </span>
     <span class='ocr_line' id='line_1_14' title="bbox 101 1107 1385 1181; baseline 0.005 -22"><span class='ocrx_word' id='word_1_86' title='bbox 101 1113 340 1177; x_wconf 78' lang='lat' dir='ltr'>proximos</span> <span class='ocrx_word' id='word_1_87' title='bbox 359 1122 534 1156; x_wconf 85' lang='lat' dir='ltr'>montes</span> <span class='ocrx_word' id='word_1_88' title='bbox 560 1107 742 1172; x_wconf 72' lang='lat' dir='ltr'>fugere:</span> <span class='ocrx_word' id='word_1_89' title='bbox 774 1108 847 1156; x_wconf 80' lang='lat' dir='ltr'>sed</span> <span class='ocrx_word' id='word_1_90' title='bbox 875 1127 972 1157; x_wconf 89' lang='lat' dir='ltr'>eam</span> <span class='ocrx_word' id='word_1_91' title='bbox 1000 1113 1203 1161; x_wconf 79' lang='lat' dir='ltr'>celeriter</span> <span class='ocrx_word' id='word_1_92' title='bbox 1224 1119 1385 1181; x_wconf 82' lang='lat' dir='ltr'>cogni-</span> 
     </span>
     <span class='ocr_line' id='line_1_15' title="bbox 103 1180 1389 1249; baseline 0.005 -18"><span class='ocrx_word' id='word_1_93' title='bbox 103 1198 193 1231; x_wconf 80' lang='lat' dir='ltr'>tam</span> <span class='ocrx_word' id='word_1_94' title='bbox 218 1182 447 1239; x_wconf 79' lang='lat' dir='ltr'>fraudem,</span> <span class='ocrx_word' id='word_1_95' title='bbox 477 1180 820 1244; x_wconf 74' lang='lat' dir='ltr'>oppreffamque</span> <span class='ocrx_word' id='word_1_96' title='bbox 847 1200 1006 1247; x_wconf 82' lang='lat' dir='ltr'>magna</span> <span class='ocrx_word' id='word_1_97' title='bbox 1030 1187 1149 1233; x_wconf 78' lang='lat' dir='ltr'>caede</span> <span class='ocrx_word' id='word_1_98' title='bbox 1169 1188 1389 1249; x_wconf 81' lang='lat' dir='ltr'>hostium3</span> 
     </span>
     <span class='ocr_line' id='line_1_16' title="bbox 103 1253 1389 1327; baseline 0.005 -23"><span class='ocrx_word' id='word_1_99' title='bbox 103 1257 364 1320; x_wconf 76' lang='lat' dir='ltr'>elephantos</span> <span class='ocrx_word' id='word_1_100' title='bbox 388 1254 480 1318; x_wconf 77' lang='lat' dir='ltr'>igni</span> <span class='ocrx_word' id='word_1_101' title='bbox 501 1270 524 1299; x_wconf 89' lang='lat' dir='ltr'>e</span> <span class='ocrx_word' id='word_1_102' title='bbox 545 1253 694 1301; x_wconf 76' lang='lat' dir='ltr'>castris</span> <span class='ocrx_word' id='word_1_103' title='bbox 715 1255 911 1302; x_wconf 58' lang='lat' dir='ltr'>exactos.</span> <span class='ocrx_word' id='word_1_104' title='bbox 940 1258 1045 1306; x_wconf 90' lang='lat' dir='ltr'>Hoc</span> <span class='ocrx_word' id='word_1_105' title='bbox 1063 1259 1273 1309; x_wconf 87' lang='lat' dir='ltr'>ultimum</span> <span class='ocrx_word' id='word_1_106' title='bbox 1296 1263 1389 1327; x_wconf 75' lang='lat' dir='ltr'>(ut-</span> 
     </span>
     <span class='ocr_line' id='line_1_17' title="bbox 106 1329 1391 1395; baseline 0.005 -14"><span class='ocrx_word' id='word_1_107' title='bbox 106 1348 284 1395; x_wconf 78' lang='lat' dir='ltr'>cunque</span> <span class='ocrx_word' id='word_1_108' title='bbox 306 1331 467 1377; x_wconf 77' lang='lat' dir='ltr'>initum</span> <span class='ocrx_word' id='word_1_109' title='bbox 492 1329 756 1393; x_wconf 82' lang='lat' dir='ltr'>finitumque</span> <span class='ocrx_word' id='word_1_110' title='bbox 775 1331 867 1395; x_wconf 73' lang='lat' dir='ltr'>est)</span> <span class='ocrx_word' id='word_1_111' title='bbox 888 1345 988 1380; x_wconf 88' lang='lat' dir='ltr'>ante</span> <span class='ocrx_word' id='word_1_112' title='bbox 1008 1334 1283 1385; x_wconf 88' lang='lat' dir='ltr'>deditionem</span> <span class='ocrx_word' id='word_1_113' title='bbox 1301 1341 1391 1388; x_wconf 87' lang='lat' dir='ltr'>Ca-</span> 
     </span>
     <span class='ocr_line' id='line_1_18' title="bbox 105 1402 1391 1469; baseline 0.006 -18"><span class='ocrx_word' id='word_1_114' title='bbox 105 1423 204 1469; x_wconf 76' lang='lat' dir='ltr'>puae</span> <span class='ocrx_word' id='word_1_115' title='bbox 225 1402 438 1468; x_wconf 76' lang='lat' dir='ltr'>proelium</span> <span class='ocrx_word' id='word_1_116' title='bbox 468 1402 568 1449; x_wconf 80' lang='lat' dir='ltr'>fuit.</span> <span class='ocrx_word' id='word_1_117' title='bbox 604 1404 952 1464; x_wconf 78' lang='lat' dir='ltr'>Medixtuticus‚</span> <span class='ocrx_word' id='word_1_118' title='bbox 979 1407 1057 1469; x_wconf 87' lang='lat' dir='ltr'>qui</span> <span class='ocrx_word' id='word_1_119' title='bbox 1077 1407 1272 1457; x_wconf 81' lang='lat' dir='ltr'>summus</span> <span class='ocrx_word' id='word_1_120' title='bbox 1292 1430 1391 1460; x_wconf 81' lang='lat' dir='ltr'>ma-</span> 
     </span>
     <span class='ocr_line' id='line_1_19' title="bbox 106 1475 1394 1545; baseline 0.009 -24"><span class='ocrx_word' id='word_1_121' title='bbox 106 1476 308 1540; x_wconf 77' lang='lat' dir='ltr'>gistratus</span> <span class='ocrx_word' id='word_1_122' title='bbox 338 1475 455 1537; x_wconf 81' lang='lat' dir='ltr'>apud</span> <span class='ocrx_word' id='word_1_123' title='bbox 475 1476 737 1537; x_wconf 85' lang='lat' dir='ltr'>Campanos</span> <span class='ocrx_word' id='word_1_124' title='bbox 757 1476 847 1535; x_wconf 81' lang='lat' dir='ltr'>est,</span> <span class='ocrx_word' id='word_1_125' title='bbox 878 1493 934 1524; x_wconf 91' lang='lat' dir='ltr'>eo</span> <span class='ocrx_word' id='word_1_126' title='bbox 959 1495 1082 1526; x_wconf 88' lang='lat' dir='ltr'>anno</span> <span class='ocrx_word' id='word_1_127' title='bbox 1105 1481 1291 1545; x_wconf 82' lang='lat' dir='ltr'>Seppius</span> <span class='ocrx_word' id='word_1_128' title='bbox 1311 1488 1394 1532; x_wconf 88' lang='lat' dir='ltr'>Le-</span> 
     </span>
     <span class='ocr_line' id='line_1_20' title="bbox 89 1545 1396 1613; baseline 0.007 -16"><span class='ocrx_word' id='word_1_129' title='bbox 89 1550 192 1597; x_wconf 67' lang='lat' dir='ltr'>&#39;&#39;fius</span> <span class='ocrx_word' id='word_1_130' title='bbox 210 1561 300 1596; x_wconf 82' lang='lat' dir='ltr'>erat</span> <span class='ocrx_word' id='word_1_131' title='bbox 314 1584 327 1605; x_wconf 80' lang='lat'>‚</span> <span class='ocrx_word' id='word_1_132' title='bbox 350 1548 458 1594; x_wconf 92' lang='lat' dir='ltr'>loco</span> <span class='ocrx_word' id='word_1_133' title='bbox 479 1545 677 1594; x_wconf 83' lang='lat' dir='ltr'>obscu&#39;ro</span> <span class='ocrx_word' id='word_1_134' title='bbox 696 1549 914 1613; x_wconf 86' lang='lat' dir='ltr'>tenuique</span> <span class='ocrx_word' id='word_1_135' title='bbox 931 1549 1113 1600; x_wconf 84' lang='lat' dir='ltr'>fortuna</span> <span class='ocrx_word' id='word_1_136' title='bbox 1133 1567 1274 1604; x_wconf 83' lang='lat' dir='ltr'>ortus.</span> <span class='ocrx_word' id='word_1_137' title='bbox 1294 1560 1396 1606; x_wconf 80' lang='lat' dir='ltr'>Ma·</span> 
     </span>
     <span class='ocr_line' id='line_1_21' title="bbox 105 1620 1394 1688; baseline 0.008 -19"><span class='ocrx_word' id='word_1_138' title='bbox 105 1637 220 1673; x_wconf 85' lang='lat' dir='ltr'>trem</span> <span class='ocrx_word' id='word_1_139' title='bbox 249 1620 342 1682; x_wconf 82' lang='lat' dir='ltr'>ejus</span> <span class='ocrx_word' id='word_1_140' title='bbox 372 1621 634 1683; x_wconf 82' lang='lat' dir='ltr'>quondam,</span> <span class='ocrx_word' id='word_1_141' title='bbox 668 1638 753 1683; x_wconf 88' lang='lat' dir='ltr'>pro</span> <span class='ocrx_word' id='word_1_142' title='bbox 778 1622 953 1686; x_wconf 85' lang='lat' dir='ltr'>pupillo</span> <span class='ocrx_word' id='word_1_143' title='bbox 986 1641 1044 1671; x_wconf 94' lang='lat' dir='ltr'>eo</span> <span class='ocrx_word' id='word_1_144' title='bbox 1071 1643 1394 1688; x_wconf 81' lang='lat' dir='ltr'>procurantem</span> 
     </span>
     <span class='ocr_line' id='line_1_22' title="bbox 108 1694 1399 1764; baseline 0.006 -21"><span class='ocrx_word' id='word_1_145' title='bbox 108 1695 326 1745; x_wconf 84' lang='lat' dir='ltr'>familiare</span> <span class='ocrx_word' id='word_1_146' title='bbox 342 1694 585 1749; x_wconf 67' lang='lat' dir='ltr'>ostentum5</span> <span class='ocrx_word' id='word_1_147' title='bbox 601 1711 701 1740; x_wconf 87' lang='lat' dir='ltr'>cum</span> <span class='ocrx_word' id='word_1_148' title='bbox 721 1695 1011 1758; x_wconf 61' lang='lat' dir='ltr'>respondisset</span> <span class='ocrx_word' id='word_1_149' title='bbox 1026 1699 1263 1764; x_wconf 84' lang='lat' dir='ltr'>haruspex,</span> <span class='ocrx_word' id='word_1_150' title='bbox 1278 1703 1399 1750; x_wconf 84' lang='lat' dir='ltr'>sum-</span> 
     </span>
     <span class='ocr_line' id='line_1_23' title="bbox 110 1767 1393 1835; baseline 0.004 -19"><span class='ocrx_word' id='word_1_151' title='bbox 110 1787 233 1818; x_wconf 85' lang='lat' dir='ltr'>mum</span> <span class='ocrx_word' id='word_1_152' title='bbox 261 1768 385 1832; x_wconf 82' lang='lat' dir='ltr'>quod</span> <span class='ocrx_word' id='word_1_153' title='bbox 422 1767 525 1814; x_wconf 82' lang='lat' dir='ltr'>effet</span> <span class='ocrx_word' id='word_1_154' title='bbox 559 1768 798 1831; x_wconf 82' lang='lat' dir='ltr'>imperium</span> <span class='ocrx_word' id='word_1_155' title='bbox 833 1770 1002 1833; x_wconf 79' lang='lat' dir='ltr'>Capuae</span> <span class='ocrx_word' id='word_1_156' title='bbox 1022 1808 1037 1831; x_wconf 85' lang='lat'>‚</span> <span class='ocrx_word' id='word_1_157' title='bbox 1068 1789 1393 1835; x_wconf 80' lang='lat' dir='ltr'>perventurum</span> 
     </span>
     <span class='ocr_line' id='line_1_24' title="bbox 113 1840 1400 1909; baseline 0.005 -20"><span class='ocrx_word' id='word_1_158' title='bbox 113 1842 169 1889; x_wconf 86' lang='lat' dir='ltr'>ad</span> <span class='ocrx_word' id='word_1_159' title='bbox 192 1858 294 1888; x_wconf 86' lang='lat' dir='ltr'>eum</span> <span class='ocrx_word' id='word_1_160' title='bbox 315 1856 504 1903; x_wconf 84' lang='lat' dir='ltr'>puerum</span> <span class='ocrx_word' id='word_1_161' title='bbox 523 1876 539 1896; x_wconf 85' lang='grc'>,</span> <span class='ocrx_word' id='word_1_162' title='bbox 567 1840 680 1886; x_wconf 82' lang='lat' dir='ltr'>nihil</span> <span class='ocrx_word' id='word_1_163' title='bbox 704 1840 758 1886; x_wconf 81' lang='lat' dir='ltr'>acl</span> <span class='ocrx_word' id='word_1_164' title='bbox 788 1857 883 1887; x_wconf 84' lang='lat' dir='ltr'>eam</span> <span class='ocrx_word' id='word_1_165' title='bbox 911 1841 1032 1905; x_wconf 90' lang='lat' dir='ltr'>spem</span> <span class='ocrx_word' id='word_1_166' title='bbox 1060 1847 1372 1909; x_wconf 84' lang='lat' dir='ltr'>agnoscentem</span> <span class='ocrx_word' id='word_1_167' title='bbox 1387 1887 1400 1908; x_wconf 88' lang='lat'>‚</span> 
     </span>
     <span class='ocr_line' id='line_1_25' title="bbox 114 1913 1403 1980; baseline 0.006 -17"><span class='ocrx_word' id='word_1_168' title='bbox 114 1916 270 1963; x_wconf 72' lang='lat' dir='ltr'>dixisse</span> <span class='ocrx_word' id='word_1_169' title='bbox 289 1913 439 1961; x_wconf 84' lang='lat' dir='ltr'>ferunt</span> <span class='ocrx_word' id='word_1_170' title='bbox 457 1950 471 1973; x_wconf 59' lang='lat'>9</span> <span class='ocrx_word' id='word_1_171' title='bbox 499 1917 578 1970; x_wconf 75' lang='lat' dir='ltr'>Nae</span> <span class='ocrx_word' id='word_1_172' title='bbox 603 1930 650 1959; x_wconf 75' lang='lat' dir='ltr'>tu</span> <span class='ocrx_word' id='word_1_173' title='bbox 670 1918 860 1975; x_wconf 77' lang='lat' dir='ltr'>perditas</span> <span class='ocrx_word' id='word_1_174' title='bbox 881 1935 941 1962; x_wconf 85' lang='lat' dir='ltr'>res</span> <span class='ocrx_word' id='word_1_175' title='bbox 969 1921 1273 1980; x_wconf 69' lang='lat' dir='ltr'>Campanorum</span> <span class='ocrx_word' id='word_1_176' title='bbox 1300 1944 1403 1970; x_wconf 71' lang='lat' dir='ltr'>tzar-</span> 
     </span>
     <span class='ocr_line' id='line_1_26' title="bbox 116 1989 1403 2055; baseline 0.009 -22"><span class='ocrx_word' id='word_1_177' title='bbox 116 2008 186 2037; x_wconf 86' lang='lat' dir='ltr'>ras</span> <span class='ocrx_word' id='word_1_178' title='bbox 203 2024 216 2046; x_wconf 87' lang='lat'>‚</span> <span class='ocrx_word' id='word_1_179' title='bbox 254 1991 324 2033; x_wconf 74' lang='lat' dir='ltr'>ubi</span> <span class='ocrx_word' id='word_1_180' title='bbox 351 1989 546 2048; x_wconf 83' lang='lat' dir='ltr'>summus</span> <span class='ocrx_word' id='word_1_181' title='bbox 575 1990 708 2033; x_wconf 78' lang='lat' dir='ltr'>honos</span> <span class='ocrx_word' id='word_1_182' title='bbox 745 1992 805 2034; x_wconf 82' lang='lat' dir='ltr'>ad</span> <span class='ocrx_word' id='word_1_183' title='bbox 821 1991 967 2046; x_wconf 79' lang='lat' dir='ltr'>filium</span> <span class='ocrx_word' id='word_1_184' title='bbox 1006 2011 1137 2038; x_wconf 79' lang='lat' dir='ltr'>meum</span> <span class='ocrx_word' id='word_1_185' title='bbox 1161 2000 1369 2055; x_wconf 75' lang='lat' dir='ltr'>perveniet</span> <span class='ocrx_word' id='word_1_186' title='bbox 1381 1997 1403 2043; x_wconf 84' lang='lat'>.&#39;</span> 
     </span>
     <span class='ocr_line' id='line_1_27' title="bbox 117 2058 1404 2123; baseline 0.008 -16"><span class='ocrx_word' id='word_1_187' title='bbox 117 2064 182 2108; x_wconf 85' lang='lat' dir='ltr'>Ea</span> <span class='ocrx_word' id='word_1_188' title='bbox 203 2058 454 2106; x_wconf 80' lang='lat' dir='ltr'>ludificatio</span> <span class='ocrx_word' id='word_1_189' title='bbox 483 2059 611 2117; x_wconf 89' lang='lat' dir='ltr'>veri,</span> <span class='ocrx_word' id='word_1_190' title='bbox 644 2062 693 2106; x_wconf 91' lang='lat'>&amp;</span> <span class='ocrx_word' id='word_1_191' title='bbox 728 2060 819 2123; x_wconf 81' lang='lat' dir='ltr'>ipsa</span> <span class='ocrx_word' id='word_1_192' title='bbox 850 2061 897 2106; x_wconf 88' lang='lat' dir='ltr'>in</span> <span class='ocrx_word' id='word_1_193' title='bbox 927 2059 1086 2110; x_wconf 84' lang='lat' dir='ltr'>verum</span> <span class='ocrx_word' id='word_1_194' title='bbox 1114 2067 1264 2114; x_wconf 85' lang='lat' dir='ltr'>vertit.</span> <span class='ocrx_word' id='word_1_195' title='bbox 1302 2087 1404 2117; x_wconf 83' lang='lat' dir='ltr'>nam</span> 
     </span>
     <span class='ocr_line' id='line_1_28' title="bbox 119 2130 1409 2199; baseline 0.006 -18"><span class='ocrx_word' id='word_1_196' title='bbox 119 2150 222 2182; x_wconf 87' lang='lat' dir='ltr'>cum</span> <span class='ocrx_word' id='word_1_197' title='bbox 250 2131 365 2178; x_wconf 80' lang='lat' dir='ltr'>fame</span> <span class='ocrx_word' id='word_1_198' title='bbox 393 2130 603 2194; x_wconf 87' lang='lat' dir='ltr'>ferroque</span> <span class='ocrx_word' id='word_1_199' title='bbox 647 2145 939 2195; x_wconf 83' lang='lat' dir='ltr'>urgerentur,</span> <span class='ocrx_word' id='word_1_200' title='bbox 969 2151 1050 2182; x_wconf 89' lang='lat' dir='ltr'>nec</span> <span class='ocrx_word' id='word_1_201' title='bbox 1088 2135 1181 2199; x_wconf 83' lang='lat' dir='ltr'>spes</span> <span class='ocrx_word' id='word_1_202' title='bbox 1219 2140 1308 2187; x_wconf 88' lang='lat' dir='ltr'>ulla</span> <span class='ocrx_word' id='word_1_203' title='bbox 1339 2142 1409 2189; x_wconf 88' lang='lat' dir='ltr'>su-</span> 
     </span>
     <span class='ocr_line' id='line_1_29' title="bbox 121 2201 1408 2273; baseline 0.01 -24"><span class='ocrx_word' id='word_1_204' title='bbox 121 2202 333 2267; x_wconf 82' lang='lat' dir='ltr'>pereffet,</span> <span class='ocrx_word' id='word_1_205' title='bbox 355 2201 408 2247; x_wconf 84' lang='lat' dir='ltr'>iis</span> <span class='ocrx_word' id='word_1_206' title='bbox 422 2237 436 2258; x_wconf 91' lang='lat'>‚</span> <span class='ocrx_word' id='word_1_207' title='bbox 455 2203 533 2265; x_wconf 89' lang='lat' dir='ltr'>qui</span> <span class='ocrx_word' id='word_1_208' title='bbox 553 2203 645 2249; x_wconf 83' lang='lat' dir='ltr'>nati</span> <span class='ocrx_word' id='word_1_209' title='bbox 672 2204 726 2269; x_wconf 23' lang='lat' dir='ltr'>in,</span> <span class='ocrx_word' id='word_1_210' title='bbox 741 2204 861 2267; x_wconf 86' lang='lat' dir='ltr'>spem</span> <span class='ocrx_word' id='word_1_211' title='bbox 880 2207 1109 2256; x_wconf 88' lang='lat' dir='ltr'>honorum</span> <span class='ocrx_word' id='word_1_212' title='bbox 1134 2226 1259 2260; x_wconf 77' lang='lat' dir='ltr'>erant</span> <span class='ocrx_word' id='word_1_213' title='bbox 1274 2251 1288 2273; x_wconf 84' lang='lat'>,</span> <span class='ocrx_word' id='word_1_214' title='bbox 1317 2216 1408 2264; x_wconf 39' lang='lat' dir='ltr'>ho*-</span> 
     </span>
     <span class='ocr_line' id='line_1_30' title="bbox 122 2275 1410 2343; baseline 0.012 -21"><span class='ocrx_word' id='word_1_215' title='bbox 122 2291 257 2322; x_wconf 87' lang='lat' dir='ltr'>nores</span> <span class='ocrx_word' id='word_1_216' title='bbox 277 2275 622 2323; x_wconf 65' lang='lat' dir='ltr'>detrefflantibus</span> <span class='ocrx_word' id='word_1_217' title='bbox 639 2295 653 2333; x_wconf 77' lang='lat'>3</span> <span class='ocrx_word' id='word_1_218' title='bbox 671 2278 845 2337; x_wconf 84' lang='lat' dir='ltr'>Lefius,</span> <span class='ocrx_word' id='word_1_219' title='bbox 865 2283 1100 2343; x_wconf 86' lang='lat' dir='ltr'>querendo</span> <span class='ocrx_word' id='word_1_220' title='bbox 1122 2283 1334 2336; x_wconf 87' lang='lat' dir='ltr'>desertam</span> <span class='ocrx_word' id='word_1_221' title='bbox 1359 2308 1410 2338; x_wconf 89' lang='lat' dir='ltr'>ac</span> 
     </span>
     <span class='ocr_line' id='line_1_31' title="bbox 124 2349 1414 2428; baseline 0.013 -34"><span class='ocrx_word' id='word_1_222' title='bbox 124 2349 352 2412; x_wconf 87' lang='lat' dir='ltr'>proditam</span> <span class='ocrx_word' id='word_1_223' title='bbox 378 2365 402 2394; x_wconf 88' lang='lat' dir='ltr'>a</span> <span class='ocrx_word' id='word_1_224' title='bbox 434 2349 708 2411; x_wconf 86' lang='lat' dir='ltr'>primoribus</span> <span class='ocrx_word' id='word_1_225' title='bbox 741 2353 976 2415; x_wconf 77' lang='lat' dir='ltr'>Capuam,</span> <span class='ocrx_word' id='word_1_226' title='bbox 1013 2357 1236 2407; x_wconf 87' lang='lat' dir='ltr'>summum</span> <span class='ocrx_word' id='word_1_227' title='bbox 1270 2364 1414 2428; x_wconf 74' lang='lat' dir='ltr'>magi-</span> 
     </span>
    </p>
   </div>
   <div class='ocr_carea' id='block_1_3' title="bbox 125 2420 1298 2550">
    <p class='ocr_par' dir='ltr' id='par_1_3' title="bbox 125 2420 1298 2550">
     <span class='ocr_line' id='line_1_32' title="bbox 125 2420 1298 2497; baseline 0.013 -29"><span class='ocrx_word' id='word_1_228' title='bbox 125 2420 306 2468; x_wconf 87' lang='lat' dir='ltr'>stratum</span> <span class='ocrx_word' id='word_1_229' title='bbox 337 2420 518 2469; x_wconf 87' lang='lat' dir='ltr'>ultimus</span> <span class='ocrx_word' id='word_1_230' title='bbox 552 2423 762 2473; x_wconf 83' lang='lat' dir='ltr'>omnium</span> <span class='ocrx_word' id='word_1_231' title='bbox 793 2425 1132 2492; x_wconf 75' lang='lat' dir='ltr'>Campanorum</span> <span class='ocrx_word' id='word_1_232' title='bbox 1164 2434 1298 2497; x_wconf 88' lang='lat' dir='ltr'>cepit.</span> 
     </span>
     <span class='ocr_line' id='line_1_33' title="bbox 190 2495 1165 2550; baseline 0.011 -11"><span class='ocrx_word' id='word_1_233' title='bbox 190 2495 242 2544; x_wconf 82' lang='lat' dir='ltr'>T.</span> <span class='ocrx_word' id='word_1_234' title='bbox 270 2495 364 2544; x_wconf 70' lang='lat' dir='ltr'>Liv.</span> <span class='ocrx_word' id='word_1_235' title='bbox 395 2497 493 2542; x_wconf 82' lang='lat' dir='ltr'><em>Vol.</em></span> <span class='ocrx_word' id='word_1_236' title='bbox 510 2498 588 2544; x_wconf 87' lang='lat' dir='ltr'>IV.</span> <span class='ocrx_word' id='word_1_237' title='bbox 646 2536 663 2543; x_wconf 61' lang='grc'>,</span> <span class='ocrx_word' id='word_1_238' title='bbox 1123 2505 1165 2550; x_wconf 87' lang='lat' dir='ltr'>V</span> 
     </span>
    </p>
   </div>
  </div>
 </body>
</html>
