1628 2890
293 112 834 162 HISTORIARUM
872 112 1000 162 LIB.
1037 114 1255 165 XXVII.
1321 130 1412 176 401

132 221 222 269 tela
253 221 374 268 haud
409 220 579 268 difficili
613 237 670 266 ex
700 219 963 284 propinquo
993 219 1041 269 in
1065 232 1187 269 tanta
1218 238 1417 286 corpora

130 296 224 344 ictu
243 334 255 353 ,
276 299 324 345 &
344 310 429 342 tam
457 294 662 341 conferta
683 295 826 341 turba.
860 294 933 342 sed
950 307 999 342 ut
1016 312 1111 342 non
1132 312 1289 343 omnes
1309 296 1418 344 vul-

133 370 273 415 nei-ati
309 368 439 424 sunt3
479 368 568 424 ita,
607 367 652 413 in
687 382 882 430 quorum
920 368 1053 431 tergis
1087 367 1227 417 infixa
1259 369 1417 418 stetere

134 444 224 505 pila
243 479 256 500 ,
289 442 372 506 (ut
395 440 455 488 est
486 458 624 505 genus
659 439 897 518 anceps)
886 458 932 486 m
966 441 1115 505 fugam
1147 443 1264 489 versi
1283 444 1419 493 etiam

133 514 332 576 integros
360 528 578 560 avertere.
611 510 771 559 Tum
758 528 848 574 jam
872 528 968 558 non
988 530 1101 560 unus
1131 514 1418 577 manipulus,

133 585 207 632 sed
237 603 320 648 pro
342 583 382 630 se
402 583 586 648 quisque
608 582 734 629 miles
751 618 766 641 ,
796 583 876 647 qui
905 584 1046 631 modo
1069 585 1266 648 affequi
1257 603 1418 650 agmen

134 656 402 722 fugientium
435 656 780 719 elephantorum
814 668 1016 718 poterat,
1052 657 1143 720 pila
1173 657 1421 719 conjicere.

135 748 193 779 eo
225 730 364 794 magis
390 745 517 775 ruere
547 727 593 773 in
618 726 718 774 suos
740 726 924 784 belluae3
952 740 1171 793 tantoque
1196 730 1418 792 maiorem

134 806 322 870 stragem
354 804 482 850 edere
498 838 511 861 ,
538 819 671 866 quam
691 801 807 847 inter
824 801 972 848 hostes
993 803 1222 851 ediderant
1237 842 1250 863 ,
1273 824 1420 869 quan-

132 889 185 926 to
219 879 364 926 acrius
386 892 534 940 pavor
551 872 880 921 consternatam
910 875 1026 938 agit,
1057 891 1192 938 quam
1221 877 1419 924 infiden-

133 951 191 998 tis
217 949 415 1014 magistri
432 945 624 1009 imperio
656 944 831 1008 regitur.
867 947 915 991 In
950 948 1252 1008 perturbatam
1277 949 1421 997 trans-

134 1024 268 1072 cursu
297 1022 543 1070 belluarum
571 1017 711 1066 aciem
738 1018 859 1082 signa
881 1017 1080 1066 inferunt
1114 1021 1313 1068 Romani
1339 1040 1421 1086 pe-

136 1096 280 1142 dites:
312 1097 361 1141 &
391 1092 511 1138 haud
544 1106 707 1152 magno
746 1090 989 1137 certamine
1021 1092 1247 1156 diflipatos
1280 1096 1420 1160 trepi-

135 1167 375 1231 dantesque
411 1175 635 1212 avertunt.
677 1165 797 1210 Tum
831 1163 877 1210 in
910 1165 1128 1228 fugientes
1166 1171 1420 1232 equitatum

134 1239 335 1288 immittit
365 1236 629 1292 Marcellus,
657 1252 740 1282 nec
768 1247 870 1283 ante
892 1235 991 1283 finis
1020 1237 1231 1303 sequendi
1263 1241 1324 1288 est
1352 1242 1421 1289 fa·-

133 1315 229 1362 {lus
247 1349 260 1370 ‚
280 1327 413 1376 quam
434 1309 480 1355 in
500 1308 635 1355 castra
664 1320 880 1370 paventes
902 1311 1120 1373 compulsi
1149 1311 1263 1361 sunt.
1299 1316 1419 1363 Nam

136 1386 267 1449 super
302 1383 418 1440 alia,
454 1398 554 1445 quae
584 1392 801 1427 terrorem
833 1382 1269 1448 trepidationemque
1300 1386 1421 1434 face-

136 1471 267 1516 rent,
298 1453 522 1518 elephanti
554 1470 737 1517 quoque
768 1454 859 1500 cluo
890 1454 937 1500 in
966 1455 1055 1519 ipsa
1076 1469 1207 1519 porta
1229 1475 1420 1508 corrue-

136 1544 238 1580 rant
257 1567 271 1589 ,
305 1529 537 1591 coaffique
570 1540 698 1574 erant
728 1527 890 1575 milites
920 1546 1000 1592 per
1035 1523 1201 1577 foffam*
1225 1533 1420 1583 vallum-

134 1621 223 1668 que
236 1620 367 1650 ruere
387 1602 432 1647 in
453 1600 602 1647 castra.
623 1599 686 1646 ibi
704 1601 894 1647 maxima
909 1601 1102 1648 hostium
1123 1604 1264 1653 caedes
1284 1606 1420 1656 faeta:

137 1675 248 1724 caesa
279 1676 334 1722 ad
362 1674 466 1720 neco
495 1672 633 1719 millia
662 1672 926 1731 hominum,
950 1674 1150 1740 quinque
1178 1677 1420 1741 elephanti.

137 1752 236 1799 Nec
266 1746 483 1795 Romanis
517 1745 745 1793 incruenta
775 1746 966 1793 victoria
998 1746 1094 1795 fuit.
1129 1750 1251 1798 mille
1281 1752 1422 1801 ferme

138 1823 190 1868 &
215 1819 480 1882 septingenti
513 1818 566 1864 (le
600 1818 770 1864 duabus
802 1816 1076 1881 legionibus,
1107 1820 1156 1868 δέ
1187 1821 1422 1873 sociorum

140 1893 273 1955 supra
299 1891 421 1938 mille
441 1893 490 1938 &
511 1902 738 1937 trecentos
759 1890 892 1938 occisi
913 1907 922 1934 :
952 1891 1179 1939 vulnerati
1210 1896 1423 1956 permulti

138 1967 314 2014 civium
345 1964 683 2028 sociorumque.
717 1963 940 2010 Hannibal
971 1964 1100 2010 noe-te
1121 1965 1329 2027 proxima
1350 1984 1422 2016 ca-

140 2041 226 2088 stra
252 2039 416 2086 movit.
459 2038 730 2100 Cupientem
761 2036 934 2101 insequi
963 2038 1227 2086 Marcellum
1260 2041 1425 2104 probis,

139 2116 237 2162 buit
258 2113 501 2161 multitudo
529 2113 796 2162 sauciorum.

206 2188 312 2234 XV.
346 2185 686 2247 Speculatores,
717 2186 795 2250 qui
826 2184 1205 2251 prosequerentur
1232 2202 1425 2255 agmen,

143 2259 256 2308 miffi
277 2295 291 2316 ,
327 2258 509 2322 postero
541 2258 612 2305 die
639 2259 888 2307 retulerunt
907 2296 921 2319 ,
953 2261 1153 2308 Bruttios
1191 2262 1424 2311 Hanniba-

143 2334 232 2381 lem
264 2350 427 2397 petere.
460 2333 616 2380 lisdem
644 2332 735 2380 fere
772 2333 926 2381 diebus
960 2336 1009 2381 &
1040 2334 1092 2380 ad
1126 2337 1187 2396 Q.
1216 2337 1425 2385 Fulvium

145 2405 375 2453 consulem
402 2406 610 2468 Hirpini,
641 2409 690 2458 δι
712 2407 914 2467 Lucani,
942 2409 992 2456 &
1020 2408 1266 2458 Volcentes
1280 2446 1297 2469 ,
1335 2423 1425 2460 trae

211 2481 261 2526 T.
285 2482 377 2527 Liv.
404 2485 502 2530 Vol.
528 2483 611 2530 IV.
1094 2483 1171 2530 Cc
