1628 2890
268 138 821 189 HISTORIARUM
866 135 989 182 LlB.
1025 131 1202 180 XXV.
1305 145 1393 192 293

110 253 268 302 locum
286 288 301 310 ‚
326 268 470 315 neque
500 266 677 313 tempus
699 245 978 296 cunc'tationi
999 242 1256 294 consiliove
1279 241 1401 288 dedit

110 325 311 373 Mutines
330 361 344 382 ‚
379 322 662 387 transgressus
692 338 896 378 amnem,
930 337 981 367 ac
1016 316 1281 366 stationibus
1313 314 1401 360 ho-

112 395 242 443 stium
279 413 381 443 cum
425 394 598 457 ingenti
634 406 808 440 terrore
851 409 904 438 ac
941 389 1139 438 tumultu
1179 387 1400 435 inveffils.

112 469 298 515 Postero
330 468 400 514 die
432 483 575 529 prope
609 464 728 526 justo
757 464 926 527 proelio
966 460 1191 524 compulit
1226 458 1402 508 hostem

115 539 232 587 intra
251 539 542 586 munimenta.
565 537 668 584 inde
689 548 933 583 revocatus
952 537 1171 582 seditione
1188 535 1404 582 Numida·

115 628 212 657 rum
234 599 279 657 iix
299 611 448 658 castris
466 610 573 657 faffla
587 646 601 669 ,
630 627 730 657 cum
753 610 942 656 trecenti
964 608 1102 655 ferme
1131 624 1292 654 eorum
1315 608 1402 652 He-

115 685 306 732 racleam
328 685 532 731 Minoam
550 681 881 738 concessissent,
895 683 950 728 ad
970 681 1242 745 mitigandos
1265 696 1404 725 revo-

118 755 374 818 candosque
394 771 472 801 eos
490 753 716 818 profectus
730 790 744 813 ,
777 769 1051 816 magnopere
1080 751 1298 798 monuiffe
1319 750 1403 796 du-

119 846 192 876 ces
225 828 419 885 dicitur,
442 844 499 873 ne
533 826 710 873 absente
740 826 782 871 se
811 843 918 872 cum
951 824 1076 872 hoste
1097 841 1256 871 manus
1287 840 1404 887 con-

121 900 328 948 sererent.
360 900 408 947 Id
430 900 564 946 ambo
586 915 700 962 aegre
730 898 836 961 passi
863 898 998 944 duces
1014 933 1030 953 ‚
1055 895 1192 959 magis
1214 897 1378 942 Hanno
1387 930 1405 952 ,

120 972 205 1034 jam
240 986 342 1020 ante
371 973 530 1021 anxius
562 971 708 1036 gloria
733 971 856 1032 ejus:
893 973 1101 1017 Mutinam
1116 969 1204 1032 sthi
1236 971 1406 1013 modum

111 1048 251 1108 facere
271 1085 284 1104 ‚
320 1053 546 1110 degenerem
578 1051 625 1094 A
618 1047 737 1106 frum
772 1047 1009 1106 imperatori
1046 1045 1340 1104 Gzrtlzagitziefz
1359 1061 1373 1086 ι
1393 1077 1407 1099 ‚

125 1122 243 1186 miffb
280 1124 332 1167 ab
356 1122 511 1182 finam
534 1125 783 1181 populoque.
825 1123 860 1165 {s
896 1117 1090 1181 perpulit
1122 1115 1409 1163 cunctantem

124 1194 355 1258 Epicyden
372 1230 386 1251 ,
403 1205 480 1250 ut,
509 1192 757 1256 transgressi
778 1191 943 1237 flumen
958 1225 970 1247 ‚
991 1189 1037 1235 in
1057 1188 1199 1235 aciem
1219 1186 1408 1233 exirent.

124 1285 229 1329 nam
262 1267 292 1313 si
322 1267 546 1313 Mutinem
575 1264 918 1328 opperirentur,
938 1265 989 1311 &
1021 1261 1213 1309 secunda
1244 1277 1409 1324 pugnae

127 1341 308 1389 fortuna
328 1340 569 1398 evenisset,
588 1339 706 1387 haud
724 1339 857 1385 dubie
877 1337 1068 1385 Mutinis
1088 1334 1276 1399 gloriam
1297 1334 1411 1382 fore.

197 1413 312 1459 XLI.
349 1412 597 1457 Enimvero
634 1409 867 1473 indignum
907 1421 1029 1456 ratus
1065 1406 1303 1454 Marcellus
1339 1405 1409 1463 se,

128 1483 209 1548 qui
227 1482 524 1529 Hannibalem
546 1479 770 1527 subnisum
793 1479 982 1528 victoria
1001 1478 1222 1526 Cannensi
1242 1478 1296 1524 ab
1314 1478 1410 1523 No-

127 1557 170 1602 la
205 1555 427 1618 repullffet
444 1590 458 1613 ‚
487 1554 555 1602 his
584 1565 700 1601 terra
726 1553 927 1616 marique
959 1552 1089 1599 victis
1116 1551 1170 1598 ab
1200 1550 1240 1597 se
1268 1548 1412 1596 hosti-

129 1629 213 1676 bus
249 1627 432 1682 cedere,
469 1644 591 1673 arma
619 1642 814 1690 propere
849 1642 1003 1688 capere
1033 1624 1227 1681 milites,
1260 1623 1310 1670 ὃς
1344 1622 1413 1669 ef·

131 1699 239 1746 ferri
271 1699 388 1762 signa
415 1697 552 1759 jubet.
581 1697 817 1744 Instruenti
841 1697 1088 1744 exercitum
1118 1696 1271 1743 decem
1300 1694 1415 1741 effu-

133 1772 186 1818 fis
216 1772 341 1835 equis
369 1770 588 1817 advolant
610 1787 665 1816 ex
686 1769 881 1816 hostium
909 1770 1003 1817 acie
1035 1769 1240 1816 Numidae
1257 1804 1272 1826 ‚
1298 1785 1416 1814 nun-

130 1845 290 1892 tiantes
309 1881 322 1903 ‚
351 1844 590 1908 populares
618 1843 747 1902 suos,
778 1844 972 1906 primum
996 1859 1046 1888 ea
1068 1842 1287 1889 seditione
1315 1858 1414 1887 mo-

106 1933 206 1966 -tos
223 1955 236 1977 ,
264 1935 353 1981 qua
385 1917 575 1964 trecenti
604 1933 660 1963 ex
681 1933 871 1962 numero
898 1915 976 1962 suo
1009 1906 1306 1962 concesserint
1328 1913 1416 1958 He-

134 1992 353 2047 racleam,
381 1990 483 2037 dein
509 1989 636 2052 quod
655 1989 911 2051 praefectum
933 1988 1056 2034 suum
1084 1987 1138 2033 ab
1165 1985 1420 2032 obtrectan-

134 2064 255 2110 tibus
295 2063 483 2109 ducibus
517 2062 674 2125 gloriae
710 2062 804 2123 ejus
825 2099 838 2121 ‚
876 2062 955 2109 sub
988 2061 1125 2124 ipsam
1166 2059 1421 2107 certaminis

135 2139 253 2184 diem
269 2174 282 2195 ‚
300 2138 549 2200 ablegatum
564 2135 776 2194 videant,
795 2136 1027 2198 quieturos
1047 2134 1094 2180 in
1114 2151 1276 2197 pugna.
1295 2135 1421 2180 Gens

135 2210 269 2256 fallax
299 2210 498 2273 promissi
525 2206 657 2254 fidem
690 2208 902 2271 praestitit.
941 2207 1090 2272 itaque
1121 2209 1170 2255 &
1205 2207 1422 2255 Romanis

138 2282 282 2329 crevit
314 2281 521 2336 animus,
557 2281 719 2327 nuntio
758 2280 891 2328 celeri
927 2297 1006 2343 per
1039 2280 1222 2327 ordines
1257 2280 1386 2326 mifl'o
1407 2314 1423 2336 ‚

139 2355 393 2402 destitutum
415 2356 470 2401 ab
491 2354 640 2418 equite
662 2354 833 2401 hostem
853 2354 936 2400 effe
954 2390 967 2411 ,
993 2371 1127 2418 quem
1151 2353 1345 2401 maxime
1370 2352 1423 2398 ti„

136 2441 367 2479 muerant:
388 2430 439 2477 δε
458 2428 602 2476 territi
625 2427 771 2475 hostes
784 2463 798 2488 ‚
814 2439 1114 2492 praeterquam
1139 2427 1265 2490 quod
1282 2425 1421 2473 maxia
