1628 2890
335 127 890 176 HISTORIARUM
936 131 1058 177 LIB.
1101 128 1274 179 XXII.
1433 152 1452 198 ς

174 235 297 280 Haec
313 232 391 279 ubi
412 231 524 279 fasta
537 269 551 292 ,
571 232 820 281 decemviri
842 236 1001 282 Ardeae
1019 235 1065 283 ih
1087 236 1191 283 foro
1211 236 1459 299 majoribus

172 305 329 353 hostiis
349 305 668 353 sacrificarunt.
688 307 916 368 postremo
937 310 1180 356 Decembri
1200 309 1288 373 jam
1310 312 1459 359 mense

173 381 229 427 ad
260 380 395 426 aedem
425 381 603 428 Saturni
628 382 787 427 Romae
819 381 1102 430 immolatum
1131 378 1217 443 est,
1247 385 1460 450 lectister«

171 452 385 514 niumque
422 452 720 515 imperatum,
760 451 848 517 (&
887 470 988 500 eum
1032 456 1190 503 lectum
1232 456 1457 505 senatores

171 524 459 590 straverunt)
485 530 533 574 ὅ(
556 525 831 573 convivium
854 527 1112 588 publicum3
1135 546 1186 576 ac
1205 547 1283 592 per
1301 530 1458 578 urbem

169 599 418 645 Saturnalia
451 599 568 644 diem
597 615 648 644 ac
679 598 858 644 noctem
886 600 1122 647 clamatum
1139 637 1152 659 ,
1176 602 1457 666 populusque

169 687 274 718 eum
301 671 420 719 diem
451 670 608 718 festum
639 671 801 718 habere
830 689 882 719 ac
913 672 1159 722 servarein
1188 690 1457 739 perpetuum

168 743 319 806 jussus.

234 822 284 867 11.
318 820 445 878 Dum
470 818 629 867 consul
650 818 878 882 placandis
899 821 1064 869 Romae
1083 821 1186 877 Diis
1209 822 1454 872 trahendo-

168 909 258 957 que
294 893 464 940 delectu
495 894 570 940 dat
601 910 786 957 operam
805 930 819 952 ,
851 895 1100 954 Hannibal,
1134 896 1361 959 profectus
1397 915 1455 946 ex

166 965 391 1022 hibernis,
417 965 523 1028 quia
550 965 637 1027 jam
666 966 933 1014 Flaminium
963 967 1195 1015 consulem
1227 970 1453 1017 Arretium

164 1038 414 1101 pervenisse
434 1037 691 1098 fama‘erat,
720 1056 821 1088 cum
853 1039 975 1087 aliud
1010 1041 1219 1105 longius,
1252 1054 1453 1090 ceterum

166 1111 472 1169 commodius,
496 1111 805 1160 ostenderetur
825 1112 932 1173 iter,
948 1114 1211 1177 propiorem
1230 1115 1352 1162 viam
1373 1132 1454 1178 per

163 1185 372 1249 paludem
391 1185 525 1248 petit,
543 1203 630 1250 qua
650 1186 818 1234 fluvius
837 1189 984 1234 Arnus
1004 1205 1083 1248 per
1103 1204 1182 1234 eos
1203 1188 1295 1235 dies
1315 1188 1450 1236 solito

164 1258 304 1321 magis
334 1257 641 1306 inundaverat.
675 1260 899 1323 Hispanos
930 1261 979 1307 ὃ(
1010 1260 1172 1318 Afros,
1201 1259 1280 1324 (id
1313 1277 1451 1307 omne

163 1329 368 1379 veterani
387 1343 480 1377 erat
499 1331 639 1378 robur
656 1331 902 1394 exercitus)
921 1331 1129 1377 admixtis
1150 1331 1351 1395 ipsorum
1369 1332 1452 1378 im·

162 1404 458 1468 pedimentis,
484 1407 647 1454 necubi
673 1408 911 1456 consistere
940 1407 1105 1454 coafiis
1134 1408 1371 1455 neceffaria
1394 1408 1451 1454 ad

163 1478 266 1526 usus
294 1478 515 1537 deessent,
545 1480 715 1540 primos
751 1482 815 1528 ire
850 1482 967 1543 juffit
987 1499 998 1527 :
1021 1480 1146 1544 sequi
1181 1482 1340 1528 Gallos
1358 1517 1372 1538 ‚
1400 1497 1452 1529 ut

159 1547 207 1595 id
235 1549 423 1611 agminis
456 1552 656 1600 medium
683 1553 812 1609 ess'et3
848 1553 1116 1601 noviffimos
1145 1553 1210 1600 ire
1240 1555 1410 1618 equites
1437 1574 1451 1602 :

160 1621 406 1684 Magonem
450 1624 555 1670 inde
601 1642 707 1672 cum
760 1625 978 1687 expeditis
1029 1625 1238 1691 Numidis
1285 1643 1451 1690 cogere

160 1709 315 1757 agmen
330 1731 345 1753 ,
366 1697 560 1745 maxime
588 1698 774 1758 Gallos,
796 1699 828 1745 fi
847 1698 985 1746 taedio
1016 1698 1183 1746 laboris
1207 1699 1448 1764 longaeque

158 1766 245 1812 viae
271 1765 353 1831 (ut
382 1769 444 1815 est
476 1771 628 1819 mollis
658 1770 712 1818 ad
741 1771 843 1819 talia
875 1771 1013 1835 gens)
1038 1771 1339 1820 dilaberentur
1369 1784 1448 1819 aut

159 1837 466 1902 subsisterent,
497 1844 800 1893 cohibentem.
828 1845 1113 1908 Pri1ni,·qua
1140 1847 1282 1893 modo
1311 1849 1448 1910 praei-

159 1923 260 1956 rent
290 1912 422 1961 duces
457 1933 537 1978 per
562 1917 762 1979 praealtas
798 1917 930 1966 fluvii
952 1935 1003 1965 ac
1029 1917 1274 1980 profundas
1306 1937 1446 1969 vora-

157 1982 303 2045 gines,
327 1985 464 2034 hausti
493 2006 621 2051 paene
640 1990 751 2038 limo
781 1991 1180 2055 immergentesque
1207 1992 1276 2050 se,
1296 2005 1447 2040 tamen

155 2055 279 2118 figna
305 2056 617 2122 sequebantur.
649 2064 769 2110 Galli
802 2081 949 2126 neque
979 2062 1187 2110 sustinere
1217 2064 1258 2111 se
1291 2066 1444 2128 prola-

155 2128 246 2190 psi,
274 2147 419 2194 neque
446 2134 661 2198 assurgere
686 2153 741 2182 ex
778 2135 1068 2200 voraginibus
1099 2151 1337 2198 poterant;
1363 2154 1441 2187 aut

156 2219 350 2266 corpora
383 2203 571 2264 animis,
605 2220 681 2254 aut
711 2208 886 2255 animos
925 2207 1000 2270 spe
1030 2207 1329 2256 sustinebant:
1365 2211 1441 2260 alii

155 2275 259 2324 fefl'a
281 2295 395 2342 aegre
423 2280 649 2328 trahentes
671 2283 868 2329 membra
878 2299 892 2338 3
913 2283 1014 2340 alii,
1036 2282 1113 2328 ubi
1145 2282 1278 2330 semel
1307 2285 1438 2332 vietis

153 2350 292 2397 taedio
313 2351 471 2399 animis
498 2355 856 2416 procubuiss'ent,
885 2356 1000 2403 inter
1019 2355 1219 2419 jumenta
1235 2393 1248 2415 ,
1274 2360 1322 2407 ὅ(
1343 2358 1435 2420 ipsa

151 2422 346 2486 jacentia
367 2427 517 2492 paffim
527 2465 543 2489 ,
559 2430 817 2481 morientes.
833 2432 1117 2497 maximeque
1137 2432 1342 2481 omnium
1365 2434 1434 2481 vi·
