1628 2890
211 167 304 209 452
569 142 1133 191 TITILIVII

212 258 333 304 sorte
362 251 595 302 adustioris
629 247 825 307 coloris,
849 259 901 294 ut
928 264 985 294 ex
1013 245 1183 294 recenti
1208 245 1306 304 via,
1329 244 1495 292 effentt

213 330 339 376 simul
371 324 655 374 circumvehi
684 323 847 386 procul
867 320 1004 368 castra
1025 319 1148 381 jubet
1167 318 1496 382 specularique,

213 420 320 450 num
349 402 526 449 auitum
559 398 703 462 aliqua
734 410 857 460 parte
880 395 932 441 fit
963 394 1164 449 vallum;
1191 395 1240 441 &
1271 404 1319 439 ut
1347 404 1500 439 attens

212 479 343 533 (lant,
371 473 502 521 semel
533 470 655 518 bisne
684 470 855 533 {ignum
882 479 1011 515 canat
1039 466 1084 512 in
1113 465 1276 513 castriS.
1304 468 1367 511 Ea
1394 483 1498 512 cum

213 549 374 595 ordine
405 544 559 592 omnia
578 543 714 589 relata
741 542 878 588 effent
892 577 908 597 ,
930 539 1069 587 castra
1089 537 1198 584 nihil
1225 538 1349 584 anila
1368 554 1499 585 erro-

214 638 310 669 rem
348 618 586 666 faciebant.
629 615 738 662 Bina
773 626 926 670 erant,
962 613 1074 660 ficut
1111 622 1213 657 ante
1254 610 1500 657 adventum

215 693 412 742 consulis
441 691 622 739 alterius
653 689 856 735 fuerant:
884 703 973 733 una
1005 687 1069 731 M.
1103 683 1253 742 Livii,
1281 683 1417 730 altera
1449 685 1499 730 L.

217 766 398 814 Porcii:
427 764 595 812 neutris
629 762 901 826 quidquam,
932 775 1025 823 quo
1053 757 1186 804 latius
1215 757 1501 814 tenderetur,

216 841 274 887 ad
306 838 581 886 munimenta
608 834 840 897 adje&um
872 832 987 879 Illud
1013 842 1211 879 veterem
1244 831 1404 876 ducem
1433 826 1503 875 as·-

220 915 485 974 suetumque
520 911 732 956 Romano
771 905 890 953 hosti
926 905 1101 962 movit,
1129 903 1255 967 quod
1288 902 1420 949 semel
1454 903 1500 949 in

219 985 443 1049 praetoriis
478 981 627 1030 castris
658 981 854 1044 signum,
878 978 983 1025 bis
972 995 1017 1023 m
1046 963 1354 1024 consularibus
1383 974 1502 1021 refe-

219 1059 379 1107 rebant
406 1057 498 1104 ceci
506 1073 548 1101 m
538 1055 624 1101 iffe.
658 1055 772 1100 duos
805 1051 1010 1115 profeE’m
1044 1050 1249 1098 consules
1281 1050 1397 1108 effe,
1425 1051 1503 1109 &,

220 1147 417 1195 quonam
443 1128 581 1175 modo
610 1127 719 1173 alter
739 1127 794 1173 ab
821 1124 1069 1171 Hannibale
1094 1123 1374 1182 absceffiffif,
1398 1141 1505 1172 cura

220 1201 422 1268 angebat.
454 1201 641 1248 Minime
670 1199 736 1258 id,
765 1198 890 1262 quod
921 1213 1035 1255 erat,
1057 1196 1266 1259 suspicari
1294 1210 1504 1260 poterat,

221 1288 356 1322 tantae
381 1273 444 1320 rei
473 1271 759 1319 frustratione
787 1269 1083 1316 Hannibalem
1115 1268 1314 1326 elusum,
1331 1281 1406 1327 ut,
1424 1269 1506 1316 ubi

222 1349 343 1404 dux,
376 1345 454 1392 ubi
490 1343 712 1392 exercitus
748 1342 880 1398 esset,
910 1358 1013 1389 cum
1047 1357 1139 1404 quo
1175 1339 1309 1389 castra
1343 1339 1507 1389 collata

223 1420 436 1471 haberet,
464 1417 705 1481 ignoraret.
737 1413 947 1461 Proseilo
978 1413 1096 1460 haud
1125 1413 1345 1461 mediocri
1380 1413 1507 1461 clade

224 1489 507 1537 absterritum
539 1486 709 1550 insequi
739 1502 833 1532 non
864 1485 1030 1531 ausum.
1066 1501 1341 1546 magnopere
1374 1501 1505 1532 vere-

224 1563 285 1621 ri,
311 1579 365 1608 ne
399 1561 578 1624 perditis
610 1553 739 1606 rebus
767 1557 908 1604 serum
934 1555 1024 1619 ipse
1044 1556 1261 1603 auxilium
1291 1555 1507 1604 venisset:

225 1635 526 1697 Romanisque
561 1633 710 1679 eadem
742 1630 826 1692 jam
860 1630 1041 1677 fortuna
1074 1630 1119 1675 in
1152 1629 1300 1687 Italia,
1329 1646 1430 1692 quae
1457 1629 1507 1675 in

225 1706 466 1770 Hispania,
485 1705 602 1753 effer.
633 1705 855 1751 interdum
873 1739 886 1762 ‚
921 1703 1066 1750 literas
1093 1701 1186 1749 suas
1207 1703 1262 1749 ad
1291 1718 1391 1748 eum
1411 1718 1508 1749 non

224 1781 498 1844 perveniffe,
521 1779 699 1826 credere
718 1795 729 1825 :
752 1776 1095 1839 interceptisque
1113 1776 1187 1834 iis,
1207 1774 1432 1823 consulem
1452 1774 1508 1822 ad

226 1852 314 1900 sese
350 1851 695 1915 Oppi-iitiendiim
738 1849 1007 1897 accelerasse.
1049 1848 1129 1894 His
1161 1846 1319 1894 anxius
1357 1847 1508 1905 curis,

225 1924 451 1971 exstinctis
478 1924 676 1987 ignibus,
701 1922 860 1986 vigilia
888 1921 1031 1985 prima
1055 1921 1161 1966 dato
1189 1919 1342 1983 signo,
1362 1933 1414 1966 ut
1439 1932 1509 1966 ta·-

227 1998 306 2044 citi
334 1997 432 2043 vasa
465 1997 756 2059 colligerent,
783 1995 902 2058 signa
936 1993 1041 2040 ferri
1067 1992 1200 2053 juffit.
1228 1995 1277 2037 ln
1311 1991 1509 2054 trepida-

227 2070 356 2117 tione
391 2072 440 2116 &
480 2070 705 2114 noeturno
739 2066 935 2113 tumultu
972 2065 1104 2111 duces
1144 2080 1302 2126 parum
1338 2063 1509 2109 intente

229 2142 457 2199 asservati,
479 2143 588 2187 alter
610 2141 656 2186 in
677 2140 903 2186 destinatis
920 2138 1011 2200 jam
1035 2149 1135 2185 ante
1156 2137 1308 2183 animo
1327 2135 1511 2183 latebris

230 2216 447 2272 subsedit,
485 2216 594 2261 alter
628 2231 706 2276 per
742 2214 857 2261 vada
898 2226 1008 2260 nota
1048 2214 1299 2259 Metaurum
1340 2211 1509 2256 flumen

229 2288 441 2336 tranavit.
471 2289 529 2334 ita
557 2286 774 2333 desertum
805 2304 830 2332 a
856 2286 1040 2333 ducibus
1069 2302 1224 2348 agmen
1256 2284 1402 2346 primo
1430 2298 1509 2343 per

231 2378 363 2425 agros
397 2361 599 2423 palatum
634 2359 818 2421 festique
853 2359 1028 2421 aliquot
1060 2357 1221 2404 somno
1253 2373 1304 2403 ae
1339 2354 1509 2418 vigiliis

229 2435 428 2481 sternunt
459 2447 655 2495 corpora
680 2429 871 2496 paffim,
886 2440 1017 2492 atque
1046 2425 1343 2500 infrequentia
1370 2424 1511 2476 retine„

1229 2577 1245 2598 Ι
