1628 2890
270 166 818 218 HISTORIARUM
860 167 986 212 LIB.
1025 162 1238 210 XXIII.
1341 160 1403 223 89

125 277 258 343 nIgne
286 275 481 323 invitare
497 310 510 333 ,
534 272 752 337 apparatis
773 272 976 335 accipere
999 270 1143 334 epulis
1159 306 1172 328 ,
1207 284 1278 316 eas
1299 284 1405 315 cau-

125 350 190 397 sas
210 349 424 412 suscipe-re
437 385 451 406 ,
473 346 513 393 ei
534 346 702 409 semper
719 346 833 408 parti
850 345 1017 404 adeffe,
1038 343 1278 391 secundum
1305 355 1406 390 eam

123 421 250 468 litem
279 419 446 480 judices
467 419 594 477 dane,
612 435 712 481 quae
739 416 876 480 magis
903 415 1135 479 popularis
1167 413 1406 477 aptiorque

127 495 175 542 in
195 495 358 558 vulgus
389 492 540 541 favori
569 490 857 539 conciliando
880 490 998 536 esset.
1037 491 1129 536 Jam
1159 503 1273 534 vero
1292 483 1410 533 nihil

126 567 173 615 in
200 567 350 614 senatu
371 566 514 613 actum
530 564 660 612 aliter
676 600 689 622 ,
709 579 845 626 quam
866 562 896 608 si
917 561 1059 625 plebis
1078 561 1139 607 ibi
1164 559 1267 607 effet
1292 574 1410 605 con·

127 640 297 689 cilium.
333 641 481 686 Prona
509 637 679 700 semper
700 635 859 682 civitas
878 633 923 680 in
944 632 1165 681 luxuriam
1183 668 1196 689 ,
1224 647 1320 677 non
1339 629 1411 675 in-

128 712 365 777 geniorum
390 710 531 760 modo
552 708 671 757 vitio
688 741 702 763 ,
732 706 805 753 sed
825 706 1022 753 affluenti
1044 705 1175 767 copia
1193 704 1412 766 volupta-

129 801 226 833 tum
241 822 254 844 ‚
279 787 327 833 ὅ(
349 783 569 835 illecebris
591 779 740 830 omnis
775 778 1049 827 amoenitatis
1069 776 1304 824 maritimae
1325 787 1412 821 ter·

131 858 395 922 restrisque3
427 870 522 903 tum
542 872 655 903 vero
676 855 738 902 ita
765 852 988 918 obsequio
1008 850 1265 914 principum
1287 850 1336 895 &
1360 847 1413 893 li-

133 932 282 979 centia
311 929 457 994 plebei
491 928 723 987 lascivire,
753 939 801 974 ut
832 944 916 974 nec
943 924 1120 972 libidini
1150 940 1232 970 nec
1257 921 1413 969 sumti-

133 1006 219 1052 bus
245 1003 407 1051 modus
432 1002 548 1051 effer.
582 1002 639 1049 ad
667 1011 947 1049 contemtum
972 999 1122 1062 legum
1138 1032 1151 1055 ,
1182 994 1415 1059 magistra-

132 1089 286 1135 tuum,
317 1075 516 1134 senatus‚
539 1074 715 1122 acceffit
739 1085 835 1120 tum
864 1071 964 1135 post
1001 1067 1282 1117 Cannensem
1319 1066 1412 1114 cla-

131 1150 234 1196 dem
249 1184 263 1207 ,
282 1159 358 1206 ut,
390 1146 514 1209 cujus
536 1146 683 1210 aliqua
707 1155 801 1192 erat
821 1141 1098 1190 verecundia
1112 1176 1125 1199 ,
1154 1141 1416 1186 Romanum

133 1237 320 1285 quoque
348 1219 582 1283 imperium
602 1218 871 1281 spernerent.
901 1215 946 1262 id
969 1214 1111 1261 modo
1135 1223 1229 1259 erat
1246 1212 1293 1258 in
1318 1226 1418 1257 mo·

135 1310 184 1340 ra
199 1330 213 1351 ,
248 1309 304 1339 ne
329 1291 557 1355 extemplo
579 1289 819 1337 deficerent
838 1324 852 1347 ‚
883 1287 1008 1351 quod
1027 1284 1312 1333 connubium
1335 1299 1421 1330 ve-

135 1365 303 1412 tustum
334 1365 495 1412 multas
527 1362 714 1409 familias
738 1361 876 1409 claras
901 1378 951 1408 ac
976 1370 1183 1423 potentes
1198 1356 1420 1403 Romanis

135 1436 399 1484 miscuerat:
436 1436 485 1483 &
514 1433 670 1497 quod,
697 1450 800 1480 cum
826 1432 1069 1479 militarent
1095 1430 1271 1494 aliquot
1300 1427 1420 1492 apud

138 1510 400 1565 Romanos,
419 1506 660 1553 maximum
682 1504 915 1553 vinculum
937 1515 1062 1551 erant
1085 1502 1273 1550 trecenti
1295 1500 1421 1566 equi·

138 1596 234 1642 tes,
268 1581 563 1629 nobilissimus
590 1580 775 1644 quisque
799 1581 1166 1644 Campanorum,
1194 1577 1240 1624 in
1267 1576 1422 1640 praesi-

137 1656 207 1703 dia
224 1657 469 1705 Sicularum
487 1654 662 1702 urbium
681 1652 838 1700 delecti
856 1653 910 1699 ab
931 1651 1149 1698 Romanis
1168 1668 1220 1698 ac
1240 1649 1369 1697 miffi.

221 1732 278 1779 V.
308 1732 485 1777 Horum
509 1739 712 1791 parentes
748 1725 1022 1791 cognatique
1051 1742 1167 1789 aegre
1205 1722 1419 1787 pervice-

141 1817 249 1853 runt
268 1841 283 1866 ‚
313 1817 363 1852 ut
384 1803 516 1868 legati
546 1803 602 1850 ad
634 1801 867 1850 consulem
895 1801 1153 1847 Romanum
1186 1798 1422 1846 mitteren-

141 1891 230 1926 tur.
263 1879 297 1925 li
315 1913 330 1937 ,
356 1877 560 1924 nondum
594 1874 832 1923 Canufium
863 1872 1140 1936 profectum,
1170 1871 1244 1919 sed
1263 1873 1422 1919 Venu-

143 1952 216 1998 fiae
246 1967 346 1998 cum
376 1949 529 2014 paucis
561 1966 612 1997 ac
641 1948 945 1996 semiermibus
975 1946 1204 1995 consulem
1227 1945 1422 1992 invene-

145 2036 277 2081 runt,
309 2039 443 2086 quam
460 2033 638 2085 poterat
666 2021 858 2069 maxime
877 2019 1171 2068 miserabilem
1195 2018 1329 2065 bonis
1354 2016 1424 2063 so·

146 2096 228 2143 ciis
247 2113 260 2151 3
292 2094 490 2158 superbis
516 2106 647 2158 atque
672 2093 948 2151 infidelibus,
967 2104 1018 2139 ut
1037 2103 1162 2139 erant
1179 2090 1423 2154 Campani,

144 2167 459 2231 spernendum.
493 2168 549 2213 Et
583 2166 708 2214 auxit
737 2182 884 2214 rerum
917 2165 1091 2213 suarum
1118 2163 1272 2228 suique
1305 2180 1422 2212 con-

144 2252 331 2287 temtum
356 2239 514 2288 consul
541 2239 671 2287 nimis
702 2238 951 2303 detegendo
981 2237 1150 2286 cladem
1181 2236 1423 2284 nudando-

144 2330 250 2378 que.
287 2315 403 2361 Nam
432 2330 534 2361 cum
562 2314 720 2377 legati,
752 2329 866 2377 aegre
895 2311 1010 2359 ferre
1040 2309 1239 2358 senatum
1270 2326 1424 2373 popu-

145 2387 328 2450 lumque
347 2388 651 2450 Campanum,
669 2385 839 2433 adverfi
858 2385 1104 2449 quidquam
1122 2381 1318 2431 evenisse
1330 2382 1426 2428 Ro-

147 2460 290 2510 manis
301 2494 318 2521 ,
349 2458 617 2508 nuntiassent
634 2494 650 2518 ,
679 2457 1094 2523 pollicerenturque
1111 2455 1295 2510 omnia,
1325 2469 1426 2518 quae
