1628 2890
186 141 244 171 20
533 112 1104 165 T1T1L1V11

179 227 488 294 promiffisque
521 219 785 269 Hannibalis
821 218 877 267 ad
914 215 1230 266 conciliandos
1271 213 1465 279 popula-

179 304 294 351 rium
314 303 500 349 animos.
526 299 571 343 hi
591 295 873 352 nuntiantes,
892 293 924 339 fi
947 293 994 339 in
1013 289 1307 353 Campaniam
1335 305 1467 336 exer-

178 379 320 424 citum
350 371 643 428 admovisset,
669 370 839 432 Capuae
867 365 1096 429 potiendae
1127 363 1308 427 copiam
1333 361 1464 421 fore‘,

179 466 280 496 cum
300 462 368 493 res
389 443 553 504 major,
577 459 709 506 quam
733 440 960 497 atl&ore5,
980 436 1111 494 effer,
1133 435 1320 482 dubium
1338 434 1466 481 Han-

179 518 401 574 nibalem,
434 514 701 576 alternisque
740 511 952 558 fidentem
981 526 1034 556 ac
1068 507 1369 565 diffidentem,
1401 516 1466 553 ta·

176 608 276 639 men
293 626 307 648 ,
327 602 378 636 ut
399 590 660 651 Campanos
681 603 737 631 ex
756 583 940 630 Samnio
961 592 1160 646 peteret,
1187 589 1433 628 moverunt
1452 595 1464 626 ε

173 664 375 712 monitos
391 699 405 721 ,
425 674 474 708 ut
494 662 626 708 etiam
645 673 777 723 atque
803 657 936 705 etiam.
956 654 1169 719 promissa
1188 653 1319 701 rebus
1339 653 1463 699 affir-

172 749 372 796 marent,
390 735 615 797 juffosque
629 769 643 791 ,
664 751 768 781 cum
797 730 1002 795 pluribus
1021 741 1065 776 et
1093 725 1315 792 aliquibus
1335 725 1463 790 prin-

175 813 326 876 cipum
346 811 487 858 redire
506 811 561 857 ad
583 809 624 856 se
639 846 650 866 ‚
674 807 851 855 dimisit.
878 804 969 869 ipse
989 804 1179 867 imperat
1198 801 1330 860 duci,
1350 812 1401 849 ut
1423 800 1465 847 se

170 888 219 934 in
248 904 403 951 agrum
421 884 672 932 Casinatem
694 882 827 929 ducat
849 879 1059 927 :edoctus
1083 895 1108 924 a
1135 876 1290 941 peritis
1310 875 1463 940 regio-

173 961 307 1016 num‘,
329 958 358 1004 fi
379 975 478 1004 eum
500 956 653 1003 saltum
681 951 968 1016 occupasset,
987 950 1159 997 exitum
1179 950 1391 997 Romano
1411 949 1465 995 ad

173 1047 310 1093 opem
336 1028 563 1075 ferendam
588 1024 721 1073 sociis
750 1021 1110 1070 interclusurum.
1139 1019 1225 1067 Sed
1246 1019 1467 1066 Punicum

174 1102 426 1148 abhorrens
455 1115 507 1145 os
534 1098 589 1144 ab
618 1096 887 1143 Latinorum
915 1093 1155 1141 nominum
1174 1091 1466 1155 prolatione,

173 1190 260 1236 pro
287 1173 451 1220 Casino
471 1170 718 1219 Casilinum
735 1169 826 1216 dux
846 1183 896 1215 ut
913 1166 1160 1230 acciperet,
1179 1164 1312 1221 fecit3
1332 1181 1466 1212 aver-

173 1248 327 1311 susque
353 1247 409 1294 ab
441 1245 520 1292 suo
557 1245 746 1302 itinere,
772 1258 851 1306 per
886 1239 1129 1287 Allifanum
1145 1274 1160 1296 ,
1184 1237 1466 1285 Calatinum-

172 1335 260 1381 que
276 1355 289 1376 ,
310 1320 357 1365 ὅ(
379 1317 595 1364 Calenum
622 1332 775 1379 agrum
789 1350 804 1373 ,
823 1314 871 1360 in
896 1328 1105 1374 campum
1132 1310 1362 1358 Stellatem
1382 1310 1463 1358 de·

173 1390 343 1438 scendit
364 1407 374 1436 :
395 1389 472 1436 ubi
492 1406 592 1436 cum
624 1386 856 1435 montibus
888 1383 1238 1447 fluminibusque
1271 1381 1464 1430 clausam

174 1463 406 1526 regionem
428 1459 830 1523 circumspexisset,
850 1468 1066 1506 vocatum
1087 1457 1248 1504 ducem
1268 1473 1465 1520 percon-

174 1546 315 1592 tatur,
348 1533 425 1579 ubi
458 1545 675 1579 terrarum
708 1531 842 1578 effet?
866 1532 984 1576 Cum
1016 1529 1052 1576 is
1084 1527 1269 1576 Casilini
1303 1545 1360 1575 eo
1393 1529 1465 1574 die

172 1606 429 1654 mansurum
460 1623 561 1652 eum
594 1605 796 1664 dixiffet,
825 1620 923 1651 tum
958 1604 1138 1651 demum
1168 1603 1378 1667 cognitus
1403 1603 1465 1650 est

172 1696 325 1739 error,
347 1680 396 1726 &
416 1678 627 1726 Cafinum
647 1677 781 1741 longe
803 1677 909 1725 inde
928 1676 1013 1723 alia
1029 1675 1215 1739 regione
1233 1676 1317 1722 effe
1337 1694 1348 1722 ε
1374 1676 1466 1723 vir-

172 1754 325 1819 gisque
363 1752 478 1801 caeso
513 1752 656 1807 duce,
689 1752 739 1798 ὅ(
773 1751 827 1797 ad
860 1749 1140 1812 reliquorum
1166 1760 1387 1796 terrorem
1418 1750 1466 1796 in

173 1841 357 1873 crucem
395 1823 595 1880 sublate,
625 1822 775 1869 castris
812 1820 1129 1879 communitis,
1161 1819 1466 1868 Maharbalem

171 1915 276 1946 cum
305 1896 527 1960 equitibus
548 1896 594 1941 in
622 1911 777 1957 agrum
802 1894 1038 1940 Falernum
1061 1892 1306 1955 praedatum
1335 1892 1464 1940 dimi-

173 1973 237 2018 fit.
259 1971 411 2034 Usque
430 1970 486 2016 ad
504 1985 639 2033 aquas
658 1967 937 2014 Sinuess'anas
962 1965 1202 2029 populatio
1227 1981 1275 2012 ea
1297 1981 1464 2028 perve-

176 2045 256 2091 nit.
294 2044 521 2107 ingentem
554 2041 753 2099 cladem,
786 2039 934 2103 fugam
965 2051 1114 2085 tamen
1154 2050 1464 2100 terroremque

170 2117 332 2172 latius,
368 2116 590 2162 Numidae
629 2113 845 2161 fecerunt.
890 2116 987 2160 Nec
1024 2124 1176 2158 tamen
1214 2110 1252 2158 is
1285 2123 1462 2168 terror,

171 2206 275 2236 cum
303 2189 455 2234 omnia
480 2188 600 2234 bello
630 2187 890 2249 flagrarent,
924 2185 1011 2233 fide
1046 2186 1196 2233 socios
1226 2185 1461 2233 dimovit:

172 2260 383 2309 videlicet
410 2260 513 2323 quia
535 2259 651 2321 justo
678 2262 727 2306 &
758 2261 994 2306 moderato
1021 2255 1289 2322 regebantur
1320 2258 1464 2321 impe-

173 2335 274 2391 rio;
304 2352 386 2382 nec
425 2334 709 2392 abnuebant,
742 2334 870 2398 quod
909 2349 1052 2382 unum
1090 2331 1328 2385 vinculum
1360 2329 1461 2378 fidei

174 2409 264 2469 est,
286 2409 548 2456 melioribus
578 2423 748 2469 parere.
