1628 2890
286 150 816 198 HISTORIARUM
867 151 992 196 ME.
1038 150 1234 197 XXHI.
1322 167 1410 214 119

128 254 336 319 corporis
373 266 595 318 caputque
643 255 770 303 ducis
804 255 1038 318 praecisum
1062 255 1178 317 'Boii
1216 269 1412 304 ovantes

126 327 326 390 templo,
355 328 482 391 quod
511 327 815 375 faustissimum
842 328 903 374 est
928 329 1043 391 apud
1061 345 1139 375 eos
1155 366 1168 385 ‚
1187 329 1374 376 intulere
1392 347 1407 377 ε

125 412 319 465 purgato
354 401 457 448 inde
488 403 656 464 capite,
684 412 735 447 ut
763 418 865 448 mos
893 403 945 449 iis
981 403 1069 461 est,
1093 403 1266 450 calvam
1294 419 1408 450 auro

127 474 358 522 caelavere.
392 474 525 537 idque
550 474 720 522 sacrum
750 491 828 521 vas
849 475 901 522 iis
922 489 1040 534 erat,
1062 493 1154 540 quo
1175 476 1410 524 sollemni-

124 546 207 605 bus
236 544 426 591 libarent
448 564 458 592 ε
481 545 786 608 poculumque
817 545 933 593 idem
967 548 1186 594 sacerdoti
1212 548 1326 604 effe,
1355 565 1410 596 ac

124 618 280 681 templi
298 619 580 666 antistitibus.
613 619 765 665 Praeda
784 636 970 683 quoque
991 622 1109 667 haud
1128 621 1278 667 minor
1298 621 1410 667 Gal-

125 691 180 739 lis
197 727 210 749 ‚
240 709 372 755 quam
406 691 594 738 vi&oria
611 726 624 748 ‚
647 690 744 737 fuit.
775 708 875 737 nam
898 692 972 738 etfi
1003 710 1159 756 magna
1182 711 1282 756 pars
1309 694 1410 740 ani·

125 763 309 810 malium
340 763 480 826 strage
513 762 635 809 filvae
670 763 875 826 oppreffa
910 775 1030 819 erat,
1065 776 1213 810 tamen
1249 777 1410 811 ceterae

125 852 195 882 res
207 871 220 894 ,
236 835 340 900 quia
357 834 471 881 nihil
487 835 736 897 diffipatum
755 834 859 899 fuga
872 836 954 893 est,
973 836 1113 882 stratae
1130 854 1209 899 per
1225 852 1408 884 omnem

122 906 310 970 jacentis
326 908 512 971 agminis
532 907 737 955 ordinem
763 908 962 955 inventae
983 908 1097 956 sunt.

189 982 341 1028 XXV.
374 983 470 1044 Hac
491 980 693 1027 nuntiata
715 981 864 1038 clade,
893 999 996 1030 cum
1017 999 1098 1045 per
1128 982 1219 1030 dies
1239 984 1409 1031 multos

123 1050 170 1096 in
190 1062 318 1098 tanto
347 1068 517 1114 pavore
537 1051 682 1099 fuisset
700 1052 861 1101 civitas
875 1090 887 1112 ‚
906 1065 957 1101 ut
974 1089 987 1109 ‚
1009 1054 1203 1101 tabernis
1224 1054 1408 1115 clausis,

123 1124 252 1172 velut
281 1124 501 1171 nofturna
528 1124 769 1173 solitudine
801 1143 881 1190 per
904 1128 1061 1174 urbem
1081 1129 1201 1185 asia,
1233 1127 1409 1176 senatus

124 1197 328 1244 aedilibus
364 1198 594 1261 negotium
627 1199 774 1258 daret,
808 1213 858 1247 ut
893 1201 1050 1248 urbem
1086 1201 1407 1259 circumirent,

122 1270 373 1333 aperirique
398 1271 628 1330 tabernas,
656 1273 706 1350 δέ)
738 1274 963 1320 moestitiae
991 1274 1183 1336 publicae
1219 1273 1409 1336 speciem

123 1341 225 1387 urbi
254 1342 371 1387 demi
393 1341 628 1403 juberent3
660 1355 757 1391 tum
787 1345 860 1392 Ti.
890 1345 1180 1408 Sempronius
1209 1345 1408 1392 senatum

124 1412 305 1472 habuit,
325 1412 668 1478 consolatusque
687 1416 837 1463 Patres
856 1416 938 1474 est,
960 1419 1009 1464 &
1028 1417 1287 1464 adhortatus
1301 1454 1315 1476 ‚
1333 1438 1408 1476 ne,

124 1491 196 1549 qui
217 1489 426 1553 Catmeust
443 1493 571 1535 ruinae
597 1508 683 1534 non
693 1491 1003 1555 fizcczabufflnt
1019 1526 1031 1548 ‚
1061 1495 1121 1538 ad
1136 1497 1314 1540 minores
1334 1513 1408 1539 ca-

124 1562 334 1608 lamitates
357 1564 525 1608 animos
543 1564 840 1623 ficbmitcereut.
869 1569 980 1626 quod
1006 1569 1067 1611 ad
1093 1568 1409 1628 Carthaginien-

112 1636 184 1696 ses
202 1637 329 1702 lzqst'es
347 1638 708 1698 Hannibalemque
725 1642 894 1694 attinet,
906 1641 1101 1700 prospera
1124 1644 1246 1686 modo
1265 1640 1408 1705 efflent,

109 1707 227 1771 ficut
240 1709 428 1768 speraret
444 1709 625 1767 futura,
654 1711 867 1757 Gallicum
896 1715 1044 1757 bellum
1078 1711 1121 1759 δ’
1157 1716 1295 1759 omitti
1322 1730 1409 1760 tuto

126 1777 169 1825 δ’
190 1779 468 1845 dafferripoffe
488 1801 505 1828 .·
534 1785 805 1844 ultionemque
828 1803 917 1829 eam
933 1785 1111 1844 fraudis
1140 1788 1186 1831 in
1220 1789 1408 1832 Deorum

123 1871 175 1899 ac
188 1856 340 1915 populi
358 1858 548 1901 Romani
556 1859 751 1923 potestate
757 1857 864 1917 fore.
886 1861 959 1904 De
978 1859 1082 1924 lzqste
1100 1861 1233 1905 Poerzo
1253 1863 1408 1905 exerci-

123 1927 304 1987 tibuffiue
315 1962 332 1984 ,
352 1947 429 1988 per
453 1947 553 1988 quos
581 1931 631 1974 id
652 1931 802 1975 bellum
836 1947 1056 1992 gereretur,
1089 1933 1405 1992 consultandum

124 2015 245 2059 atque
265 2003 523 2061 agitandum.
553 2000 647 2064 Ipse
673 2002 866 2064 primum
883 2038 896 2061 ‚
917 2003 1023 2067 quid
1051 2003 1250 2066 peditum
1272 2003 1406 2066 equi·-

124 2083 332 2133 tumque‚
368 2072 479 2135 quid
511 2071 711 2131 civium,
740 2074 849 2136 quid
882 2075 1108 2121 sociorum
1129 2076 1176 2122 in
1207 2077 1410 2124 exercitu

127 2141 233 2188 esset
266 2143 523 2202 dieiatoriQ
559 2145 769 2193 disseruit.
807 2149 926 2194 Tum
963 2147 1200 2195 Marcellus
1234 2148 1409 2196 suarum

125 2216 359 2278 copiarum
392 2217 602 2266 summam
629 2220 851 2284 exposuit.
881 2222 1007 2281 Quid
1038 2223 1084 2268 in
1115 2223 1276 2286 Apulia
1305 2241 1411 2272 cum

128 2289 183 2335 C.
209 2289 426 2337 Terentio
463 2292 646 2339 consule
675 2293 800 2352 effer,
831 2311 856 2340 a
885 2295 1037 2357 peritis
1065 2296 1293 2359 quaesitum
1328 2297 1412 2345 est*

126 2378 239 2420 nec,
267 2364 386 2409 unde
408 2364 662 2412 consulares
693 2367 914 2414 exercitus
947 2367 1047 2415 satis
1081 2367 1198 2415 firmi
1225 2369 1279 2415 ad
1305 2382 1409 2415 tan-

125 2445 221 2483 tum
242 2434 408 2483 bellum
429 2437 736 2499 efficerentur,
755 2439 948 2487 inibatur
968 2440 1098 2488 ratiO.
1125 2441 1275 2505 itaque
1299 2441 1416 2496 Gal-2

1053 2513 1095 2558 H
1130 2531 1162 2572 4
