1628 2890
267 194 832 244 HISTORIARUM
881 195 1010 242 LIB.
1045 195 1256 243 XXIII.
1332 211 1416 260 131

125 309 187 353 ad
207 324 319 367 quem
342 307 561 366 deficerent.
582 304 691 350 Haec
717 302 989 350 clandestina
1009 301 1174 367 legatio
1194 319 1273 366 per
1290 304 1420 365 prin-

125 380 248 441 cipes
272 378 393 424 missa
423 390 549 434 erat,
575 376 769 423 maxime
791 392 883 423 eam
909 393 1004 423 rem
1029 376 1245 423 moliente
1275 379 1421 424 Ham-

126 451 327 516 pficora,
357 450 437 514 qui
473 464 571 497 tum
607 448 873 495 aucloritate
910 460 1044 511 atque
1083 448 1247 511 opibus
1282 449 1421 514 longe

126 524 296 586 primus
330 534 438 570 erat.
470 522 551 569 His
580 520 753 567 nuntiis
780 536 925 582 prope
956 537 1052 568 uno
1085 527 1291 584 tempore
1323 533 1422 569 tur-

127 595 245 654 bati,
266 596 488 657 erefflque
503 628 516 652 ‚
538 594 786 656 Magonem
811 608 912 637 cum
943 591 1072 638 claffe
1095 592 1169 638 sua
1188 593 1422 657 copiisque

125 671 177 719 in
206 670 465 733 Hispaniam
499 668 698 715 mittunt.
734 666 782 712 in
815 665 1064 712 Sardiniam
1099 666 1422 715 Hasdrubalem

125 744 330 808 deligunt
349 733 512 790 ducem
532 759 543 788 ε
565 742 616 788 &
632 751 809 786 tantum
827 736 967 785 ferme
990 738 1224 800 copiarum
1240 776 1253 799 ,
1273 757 1423 804 quan—

125 831 223 867 tum
246 815 458 879 Magoni,
475 816 739 861 decernunt.
757 814 815 858 Et
835 811 998 857 Romae
1019 811 1254 871 consules,
1274 827 1423 861 trans-

126 892 234 939 affis
268 890 425 946 rebus,
445 903 546 951 quae
567 886 615 932 in
637 884 748 931 urbe
777 883 960 947 agendae
990 895 1141 940 erant,
1173 887 1425 933 movebant

126 967 217 1031 jam
250 964 336 1012 sese
372 964 428 1010 ad
457 961 641 1010 bellum.
673 960 749 1007 Ti.
779 959 1076 1022 Sempronius
1109 959 1325 1007 milithus
1355 963 1426 1008 Si-

127 1039 324 1087 nueffam
349 1037 466 1083 diem
498 1035 554 1082 ad
580 1032 952 1083 conveniendum
977 1031 1143 1090 edixit3
1165 1033 1214 1080 &
1249 1035 1310 1094 Q.
1341 1038 1423 1081 Fa-

129 1114 229 1162 bius
245 1149 259 1172 ‚
281 1110 491 1159 consulto
513 1109 636 1172 prius
665 1107 817 1154 senatu
834 1142 849 1165 ,
871 1118 922 1153 ut
942 1104 1166 1152 frumenta
1189 1123 1347 1154 omnes
1369 1125 1426 1154 ex

130 1187 246 1252 agris
262 1223 276 1244 ‚
301 1201 404 1233 ante
431 1182 659 1231 Kalendas
686 1180 837 1229 Junias
870 1180 1063 1244 primas,
1094 1179 1141 1226 in
1168 1180 1300 1228 urbes
1320 1199 1426 1227 mu·

130 1262 246 1308 nitas
269 1258 600 1307 conveherent.
629 1258 720 1318 Qui
738 1272 825 1302 non
853 1252 1095 1319 invexiffet,
1116 1253 1204 1311 ejus
1210 1256 1263 1315 fi
1280 1275 1426 1318 agrum

122 1341 446 1400 populaturum,
464 1333 611 1394 servos
628 1332 712 1392 fieb
743 1331 859 1397 hasta
877 1330 1139 1378 venditurum
1157 1362 1172 1384 ‚
1197 1334 1325 1377 villas
1355 1335 1426 1377 in·-

130 1411 358 1472 censurum.
385 1407 458 1453 Ne
485 1403 754 1469 praetoribus
775 1401 955 1466 quidem
973 1437 987 1460 ‚
1004 1401 1085 1464 qui
1108 1402 1163 1447 ad
1181 1401 1250 1464 jus
1271 1402 1427 1450 dicen—

131 1485 238 1530 dum
270 1479 409 1530 creati
435 1490 589 1538 erant,
619 1476 800 1527 vacatio
821 1476 878 1523 ab
901 1475 1009 1522 belli
1038 1475 1426 1525 administratione

132 1558 234 1604 data
263 1555 338 1602 est.
373 1553 606 1602 Valerium
633 1567 876 1614 praetorem
909 1549 956 1595 in
989 1548 1201 1612 Apuliam
1231 1550 1296 1596 ire
1326 1551 1428 1613 pla-

133 1632 256 1689 cuit,
276 1631 330 1677 ad
364 1628 612 1675 exercitum
644 1644 667 1673 a
696 1625 918 1674 Terentio
951 1623 1295 1686 accipiendum:
1323 1642 1428 1672 cum

132 1721 191 1751 ex
218 1701 368 1749 Sicilia
389 1700 592 1764 legiones
610 1697 862 1755 venissent,
888 1696 941 1742 iis
968 1695 1245 1758 potiffimum
1276 1695 1342 1742 uti
1373 1695 1429 1742 ad

133 1778 332 1841 regionis
367 1773 463 1837 ejus
498 1773 782 1837 praesidium:
812 1771 1139 1817 Terentianum
1170 1770 1288 1817 mitti
1324 1789 1429 1819 cum

134 1852 286 1915 aliquo
307 1850 574 1913 legatorum.
602 1848 657 1893 Et
678 1844 843 1909 viginti
864 1844 1066 1908 quinque
1087 1858 1227 1890 naves
1246 1845 1309 1890 M.
1332 1846 1427 1890 Va·⁶

135 1927 250 1973 lerio
290 1925 402 1971 datae
440 1923 569 1978 sunt,
610 1920 775 1985 quibus
819 1936 946 1966 oram
994 1916 1264 1964 maritimam
1308 1918 1426 1964 inter

137 1998 427 2044 Brundufium
449 2011 501 2042 ae
520 1994 766 2039 Tarentum
786 1990 920 2038 tutari
942 1989 1098 2053 poffet.
1133 1991 1216 2035 Par
1238 1990 1426 2035 navium

138 2086 350 2117 numerus
386 2068 447 2128 Q.
487 2065 650 2114 Fulvio
689 2064 876 2128 praetori
911 2063 1088 2110 urbano
1133 2062 1335 2108 decretus
1375 2061 1431 2107 ad
1471 2079 1473 2083 ’

137 2144 387 2192 suburbana
420 2141 554 2187 litora
588 2140 785 2187 tutanda.
822 2139 875 2185 C.
917 2135 1136 2185 Terentio
1169 2135 1432 2198 proconsuli

138 2217 379 2281 nogotium
412 2215 594 2274 datum,
620 2226 669 2261 ut
701 2214 750 2260 in
783 2212 953 2259 Piceno
986 2226 1096 2274 agro
1125 2206 1429 2274 conquisitio-—

140 2309 242 2339 nem
263 2290 456 2337 militum
477 2290 688 2348 haberet,
707 2286 907 2349 locisque
926 2285 978 2330 iis
1009 2283 1215 2347 praesidio
1234 2282 1353 2329 ess'et.
1375 2285 1432 2329 Et

137 2364 197 2411 T.
230 2363 455 2411 Otacilius
493 2361 698 2420 Craffus‚
732 2359 970 2424 postquam
1007 2356 1146 2403 aedem
1181 2355 1348 2403 Mentis
1381 2355 1429 2401 in

142 2437 379 2500 Capitolio
410 2437 665 2495 dedicavit,
687 2436 734 2483 in
753 2433 952 2486 Siciliam
975 2448 1079 2480 cum
1101 2430 1324 2494 imperio,
1350 2429 1430 2494 qui

143 2510 262 2560 claffi
289 2511 516 2574 praeesset,
544 2511 710 2562 miffus.

1094 2576 1110 2624 1
1146 2593 1172 2624 π,
