<?xml version="1.0" encoding="UTF-8"?>
<!DOCTYPE html PUBLIC "-//W3C//DTD XHTML 1.0 Transitional//EN"
    "http://www.w3.org/TR/xhtml1/DTD/xhtml1-transitional.dtd">
<html xmlns="http://www.w3.org/1999/xhtml" xml:lang="en" lang="en">
 <head>
  <title>
</title>
<meta http-equiv="Content-Type" content="text/html;charset=utf-8" />
  <meta name='ocr-system' content='tesseract 3.04.00' />
  <meta name='ocr-capabilities' content='ocr_page ocr_carea ocr_par ocr_line ocrx_word'/>
</head>
<body>
  <div class='ocr_page' id='page_1' title='image "./historiarumlibri04livyuoft_0412.png"; bbox 0 0 1628 2890; ppageno 0'>
   <div class='ocr_carea' id='block_1_1' title="bbox 229 132 1164 197">
    <p class='ocr_par' dir='ltr' id='par_1_1' title="bbox 229 132 1164 197">
     <span class='ocr_line' id='line_1_1' title="bbox 229 132 1164 197; baseline 0 -13"><span class='ocrx_word' id='word_1_1' title='bbox 229 151 330 197; x_wconf 54' lang='lat'>402</span> <span class='ocrx_word' id='word_1_2' title='bbox 604 132 1164 184; x_wconf 81' lang='lat' dir='ltr'>T1T1L1V11</span> 
     </span>
    </p>
   </div>
   <div class='ocr_carea' id='block_1_2' title="bbox 227 239 1523 1108">
    <p class='ocr_par' dir='ltr' id='par_1_2' title="bbox 227 239 1523 1108">
     <span class='ocr_line' id='line_1_2' title="bbox 234 239 1522 305; baseline 0.002 -15"><span class='ocrx_word' id='word_1_3' title='bbox 234 244 340 290; x_wconf 78' lang='lat' dir='ltr'>ditis</span> <span class='ocrx_word' id='word_1_4' title='bbox 359 239 571 304; x_wconf 78' lang='lat' dir='ltr'>praesidiis</span> <span class='ocrx_word' id='word_1_5' title='bbox 585 239 876 300; x_wconf 77' lang='lat' dir='ltr'>Hannibalis,</span> <span class='ocrx_word' id='word_1_6' title='bbox 890 257 990 304; x_wconf 87' lang='lat' dir='ltr'>quae</span> <span class='ocrx_word' id='word_1_7' title='bbox 1009 241 1055 288; x_wconf 90' lang='lat' dir='ltr'>in</span> <span class='ocrx_word' id='word_1_8' title='bbox 1071 242 1256 291; x_wconf 82' lang='lat' dir='ltr'>urbibus</span> <span class='ocrx_word' id='word_1_9' title='bbox 1274 242 1522 305; x_wconf 76' lang='lat' dir='ltr'>habebant,</span> 
     </span>
     <span class='ocr_line' id='line_1_3' title="bbox 234 313 1523 378; baseline 0.003 -15"><span class='ocrx_word' id='word_1_10' title='bbox 234 315 506 363; x_wconf 82' lang='lat' dir='ltr'>dediderunt</span> <span class='ocrx_word' id='word_1_11' title='bbox 530 313 619 373; x_wconf 83' lang='lat' dir='ltr'>sese</span> <span class='ocrx_word' id='word_1_12' title='bbox 629 331 643 370; x_wconf 82' lang='lat'>3</span> <span class='ocrx_word' id='word_1_13' title='bbox 668 314 1004 378; x_wconf 71' lang='lat' dir='ltr'>clementerque</span> <span class='ocrx_word' id='word_1_14' title='bbox 1024 333 1047 362; x_wconf 87' lang='lat' dir='ltr'>a</span> <span class='ocrx_word' id='word_1_15' title='bbox 1067 315 1251 363; x_wconf 88' lang='lat' dir='ltr'>consule</span> <span class='ocrx_word' id='word_1_16' title='bbox 1266 353 1281 376; x_wconf 88' lang='lat'>,</span> <span class='ocrx_word' id='word_1_17' title='bbox 1300 335 1403 365; x_wconf 87' lang='lat' dir='ltr'>cum</span> <span class='ocrx_word' id='word_1_18' title='bbox 1419 336 1523 367; x_wconf 88' lang='lat' dir='ltr'>ver-</span> 
     </span>
     <span class='ocr_line' id='line_1_4' title="bbox 233 384 1522 451; baseline 0.003 -18"><span class='ocrx_word' id='word_1_19' title='bbox 233 388 399 433; x_wconf 80' lang='lat' dir='ltr'>borum</span> <span class='ocrx_word' id='word_1_20' title='bbox 413 397 585 432; x_wconf 82' lang='lat' dir='ltr'>tantum</span> <span class='ocrx_word' id='word_1_21' title='bbox 607 384 897 450; x_wconf 81' lang='lat' dir='ltr'>castigatione</span> <span class='ocrx_word' id='word_1_22' title='bbox 917 387 979 434; x_wconf 93' lang='lat' dir='ltr'>ob</span> <span class='ocrx_word' id='word_1_23' title='bbox 999 403 1198 433; x_wconf 89' lang='lat' dir='ltr'>errorem</span> <span class='ocrx_word' id='word_1_24' title='bbox 1219 389 1492 451; x_wconf 81' lang='lat' dir='ltr'>praeteritum</span> <span class='ocrx_word' id='word_1_25' title='bbox 1506 427 1522 448; x_wconf 88' lang='lat'>,</span> 
     </span>
     <span class='ocr_line' id='line_1_5' title="bbox 232 459 1520 523; baseline 0.003 -15"><span class='ocrx_word' id='word_1_26' title='bbox 232 460 422 522; x_wconf 83' lang='lat' dir='ltr'>accepti.</span> <span class='ocrx_word' id='word_1_27' title='bbox 449 462 505 507; x_wconf 87' lang='lat' dir='ltr'>Et</span> <span class='ocrx_word' id='word_1_28' title='bbox 522 459 706 506; x_wconf 83' lang='lat' dir='ltr'>Bruttiis</span> <span class='ocrx_word' id='word_1_29' title='bbox 722 460 874 508; x_wconf 73' lang='lat' dir='ltr'>fimitis</span> <span class='ocrx_word' id='word_1_30' title='bbox 893 459 988 523; x_wconf 89' lang='lat' dir='ltr'>spes</span> <span class='ocrx_word' id='word_1_31' title='bbox 1005 461 1154 508; x_wconf 85' lang='lat' dir='ltr'>veniae</span> <span class='ocrx_word' id='word_1_32' title='bbox 1172 461 1284 510; x_wconf 62' lang='lat' dir='ltr'>faita</span> <span class='ocrx_word' id='word_1_33' title='bbox 1309 463 1392 511; x_wconf 84' lang='lat' dir='ltr'>est:</span> <span class='ocrx_word' id='word_1_34' title='bbox 1418 481 1520 513; x_wconf 88' lang='lat' dir='ltr'>cum</span> 
     </span>
     <span class='ocr_line' id='line_1_6' title="bbox 231 531 1521 599; baseline 0.005 -19"><span class='ocrx_word' id='word_1_35' title='bbox 231 534 288 580; x_wconf 85' lang='lat' dir='ltr'>ab</span> <span class='ocrx_word' id='word_1_36' title='bbox 320 534 373 580; x_wconf 88' lang='lat' dir='ltr'>iis</span> <span class='ocrx_word' id='word_1_37' title='bbox 400 531 560 580; x_wconf 86' lang='lat' dir='ltr'>Vibius</span> <span class='ocrx_word' id='word_1_38' title='bbox 587 536 639 581; x_wconf 86' lang='lat'>&amp;</span> <span class='ocrx_word' id='word_1_39' title='bbox 667 533 843 581; x_wconf 59' lang='lat' dir='ltr'>Patrius</span> <span class='ocrx_word' id='word_1_40' title='bbox 872 533 1058 594; x_wconf 83' lang='lat' dir='ltr'>fratres,</span> <span class='ocrx_word' id='word_1_41' title='bbox 1092 534 1229 599; x_wconf 86' lang='lat' dir='ltr'>longe</span> <span class='ocrx_word' id='word_1_42' title='bbox 1259 537 1521 588; x_wconf 79' lang='lat' dir='ltr'>nobiliffimi</span> 
     </span>
     <span class='ocr_line' id='line_1_7' title="bbox 231 606 1520 670; baseline 0.005 -17"><span class='ocrx_word' id='word_1_43' title='bbox 231 606 376 670; x_wconf 79' lang='lat' dir='ltr'>gentis</span> <span class='ocrx_word' id='word_1_44' title='bbox 400 606 497 669; x_wconf 76' lang='lat' dir='ltr'>ejus</span> <span class='ocrx_word' id='word_1_45' title='bbox 512 643 526 662; x_wconf 76' lang='lat'>,</span> <span class='ocrx_word' id='word_1_46' title='bbox 561 608 748 653; x_wconf 86' lang='lat' dir='ltr'>eandem</span> <span class='ocrx_word' id='word_1_47' title='bbox 766 642 780 665; x_wconf 91' lang='lat'>,</span> <span class='ocrx_word' id='word_1_48' title='bbox 806 623 908 670; x_wconf 80' lang='lat' dir='ltr'>quae</span> <span class='ocrx_word' id='word_1_49' title='bbox 926 607 1026 655; x_wconf 86' lang='lat' dir='ltr'>data</span> <span class='ocrx_word' id='word_1_50' title='bbox 1045 610 1236 656; x_wconf 88' lang='lat' dir='ltr'>Lucanis</span> <span class='ocrx_word' id='word_1_51' title='bbox 1256 621 1373 669; x_wconf 89' lang='lat' dir='ltr'>erat,</span> <span class='ocrx_word' id='word_1_52' title='bbox 1403 628 1520 659; x_wconf 90' lang='lat' dir='ltr'>con—</span> 
     </span>
     <span class='ocr_line' id='line_1_8' title="bbox 233 679 1523 744; baseline 0.005 -18"><span class='ocrx_word' id='word_1_53' title='bbox 233 680 454 727; x_wconf 79' lang='lat' dir='ltr'>ditionem</span> <span class='ocrx_word' id='word_1_54' title='bbox 488 679 731 727; x_wconf 74' lang='lat' dir='ltr'>deditionis</span> <span class='ocrx_word' id='word_1_55' title='bbox 761 692 964 742; x_wconf 79' lang='lat' dir='ltr'>petentes</span> <span class='ocrx_word' id='word_1_56' title='bbox 997 681 1235 730; x_wconf 68' lang='lat' dir='ltr'>venissent.</span> <span class='ocrx_word' id='word_1_57' title='bbox 1271 684 1334 744; x_wconf 85' lang='lat' dir='ltr'>Q.</span> <span class='ocrx_word' id='word_1_58' title='bbox 1364 684 1523 733; x_wconf 78' lang='lat' dir='ltr'>Fabius</span> 
     </span>
     <span class='ocr_line' id='line_1_9' title="bbox 230 752 1521 820; baseline 0.004 -20"><span class='ocrx_word' id='word_1_59' title='bbox 230 752 393 800; x_wconf 84' lang='lat' dir='ltr'>consul</span> <span class='ocrx_word' id='word_1_60' title='bbox 419 753 638 815; x_wconf 80' lang='lat' dir='ltr'>oppidum</span> <span class='ocrx_word' id='word_1_61' title='bbox 661 753 708 798; x_wconf 91' lang='lat' dir='ltr'>in</span> <span class='ocrx_word' id='word_1_62' title='bbox 728 753 982 802; x_wconf 74' lang='lat' dir='ltr'>Sallentinis</span> <span class='ocrx_word' id='word_1_63' title='bbox 1004 755 1290 802; x_wconf 81' lang='lat' dir='ltr'>Manduriam</span> <span class='ocrx_word' id='word_1_64' title='bbox 1310 756 1359 803; x_wconf 84' lang='lat' dir='ltr'>vi</span> <span class='ocrx_word' id='word_1_65' title='bbox 1386 758 1521 820; x_wconf 77' lang='lat' dir='ltr'>cepit.</span> 
     </span>
     <span class='ocr_line' id='line_1_10' title="bbox 230 825 1521 892; baseline 0.005 -21"><span class='ocrx_word' id='word_1_66' title='bbox 230 825 297 872; x_wconf 84' lang='lat' dir='ltr'>ibi</span> <span class='ocrx_word' id='word_1_67' title='bbox 329 827 383 872; x_wconf 79' lang='lat' dir='ltr'>ad</span> <span class='ocrx_word' id='word_1_68' title='bbox 413 838 611 889; x_wconf 84' lang='lat' dir='ltr'>quatuor</span> <span class='ocrx_word' id='word_1_69' title='bbox 647 826 790 874; x_wconf 79' lang='lat' dir='ltr'>millia</span> <span class='ocrx_word' id='word_1_70' title='bbox 822 828 1060 875; x_wconf 82' lang='lat' dir='ltr'>hominum</span> <span class='ocrx_word' id='word_1_71' title='bbox 1092 841 1246 892; x_wconf 84' lang='lat' dir='ltr'>capta,</span> <span class='ocrx_word' id='word_1_72' title='bbox 1281 831 1331 878; x_wconf 88' lang='lat'>&amp;</span> <span class='ocrx_word' id='word_1_73' title='bbox 1361 842 1521 878; x_wconf 82' lang='lat' dir='ltr'>ceterae</span> 
     </span>
     <span class='ocr_line' id='line_1_11' title="bbox 229 899 1521 966; baseline 0.005 -21"><span class='ocrx_word' id='word_1_74' title='bbox 229 900 397 963; x_wconf 78' lang='lat' dir='ltr'>praedae</span> <span class='ocrx_word' id='word_1_75' title='bbox 429 899 724 963; x_wconf 78' lang='lat' dir='ltr'>aliquantum.</span> <span class='ocrx_word' id='word_1_76' title='bbox 762 901 869 947; x_wconf 71' lang='lat' dir='ltr'>inde</span> <span class='ocrx_word' id='word_1_77' title='bbox 902 902 1150 948; x_wconf 75' lang='lat' dir='ltr'>Tarentum</span> <span class='ocrx_word' id='word_1_78' title='bbox 1184 903 1438 966; x_wconf 64' lang='lat' dir='ltr'>profectus,</span> <span class='ocrx_word' id='word_1_79' title='bbox 1472 904 1521 951; x_wconf 86' lang='lat' dir='ltr'>in</span> 
     </span>
     <span class='ocr_line' id='line_1_12' title="bbox 230 972 1521 1040; baseline 0.003 -20"><span class='ocrx_word' id='word_1_80' title='bbox 230 973 338 1037; x_wconf 73' lang='lat' dir='ltr'>ipsis</span> <span class='ocrx_word' id='word_1_81' title='bbox 356 973 560 1020; x_wconf 79' lang='lat' dir='ltr'>faucibus</span> <span class='ocrx_word' id='word_1_82' title='bbox 580 985 741 1036; x_wconf 83' lang='lat' dir='ltr'>portus</span> <span class='ocrx_word' id='word_1_83' title='bbox 770 972 921 1035; x_wconf 80' lang='lat' dir='ltr'>posuit</span> <span class='ocrx_word' id='word_1_84' title='bbox 940 974 1090 1021; x_wconf 82' lang='lat' dir='ltr'>castra.</span> <span class='ocrx_word' id='word_1_85' title='bbox 1121 992 1262 1022; x_wconf 85' lang='lat' dir='ltr'>naves</span> <span class='ocrx_word' id='word_1_86' title='bbox 1277 1011 1292 1034; x_wconf 95' lang='lat'>,</span> <span class='ocrx_word' id='word_1_87' title='bbox 1320 994 1431 1040; x_wconf 85' lang='lat' dir='ltr'>quas</span> <span class='ocrx_word' id='word_1_88' title='bbox 1449 977 1521 1024; x_wconf 80' lang='lat' dir='ltr'>Li-</span> 
     </span>
     <span class='ocr_line' id='line_1_13' title="bbox 227 1045 1520 1108; baseline 0.002 -14"><span class='ocrx_word' id='word_1_89' title='bbox 227 1048 333 1096; x_wconf 87' lang='lat' dir='ltr'>vius</span> <span class='ocrx_word' id='word_1_90' title='bbox 361 1045 557 1093; x_wconf 78' lang='lat' dir='ltr'>tutandis</span> <span class='ocrx_word' id='word_1_91' title='bbox 591 1045 918 1103; x_wconf 71' lang='lat' dir='ltr'>commeatibus</span> <span class='ocrx_word' id='word_1_92' title='bbox 948 1045 1192 1106; x_wconf 78' lang='lat' dir='ltr'>habuerat,</span> <span class='ocrx_word' id='word_1_93' title='bbox 1225 1048 1387 1108; x_wconf 79' lang='lat' dir='ltr'>partim</span> <span class='ocrx_word' id='word_1_94' title='bbox 1422 1067 1520 1096; x_wconf 84' lang='lat' dir='ltr'>ma-</span> 
     </span>
    </p>
   </div>
   <div class='ocr_carea' id='block_1_3' title="bbox 227 1118 1519 1255">
    <p class='ocr_par' dir='ltr' id='par_1_3' title="bbox 227 1118 1519 1255">
     <span class='ocr_line' id='line_1_14' title="bbox 227 1118 1519 1184; baseline 0 -16"><span class='ocrx_word' id='word_1_95' title='bbox 227 1118 573 1169; x_wconf 82' lang='lat' dir='ltr'>chinationibus</span> <span class='ocrx_word' id='word_1_96' title='bbox 604 1129 764 1164; x_wconf 82' lang='lat' dir='ltr'>onerat</span> <span class='ocrx_word' id='word_1_97' title='bbox 792 1127 1092 1179; x_wconf 74' lang='lat' dir='ltr'>apparatuque</span> <span class='ocrx_word' id='word_1_98' title='bbox 1118 1118 1339 1166; x_wconf 79' lang='lat' dir='ltr'>moenium</span> <span class='ocrx_word' id='word_1_99' title='bbox 1366 1137 1519 1184; x_wconf 87' lang='lat' dir='ltr'>oppu-</span> 
     </span>
     <span class='ocr_line' id='line_1_15' title="bbox 227 1186 1519 1255; baseline 0.003 -20"><span class='ocrx_word' id='word_1_100' title='bbox 227 1189 543 1253; x_wconf 80' lang='lat' dir='ltr'>gnandorum,</span> <span class='ocrx_word' id='word_1_101' title='bbox 585 1188 749 1250; x_wconf 88' lang='lat' dir='ltr'>partim</span> <span class='ocrx_word' id='word_1_102' title='bbox 785 1186 1023 1232; x_wconf 86' lang='lat' dir='ltr'>tormentis</span> <span class='ocrx_word' id='word_1_103' title='bbox 1059 1188 1108 1235; x_wconf 82' lang='lat'>&amp;</span> <span class='ocrx_word' id='word_1_104' title='bbox 1145 1187 1259 1234; x_wconf 77' lang='lat' dir='ltr'>saxis</span> <span class='ocrx_word' id='word_1_105' title='bbox 1300 1192 1519 1255; x_wconf 77' lang='lat' dir='ltr'>omnique</span> 
     </span>
    </p>
   </div>
   <div class='ocr_carea' id='block_1_4' title="bbox 225 1260 1518 1401">
    <p class='ocr_par' dir='ltr' id='par_1_4' title="bbox 225 1260 1518 1401">
     <span class='ocr_line' id='line_1_16' title="bbox 226 1260 1517 1329; baseline 0.001 -18"><span class='ocrx_word' id='word_1_106' title='bbox 226 1263 457 1312; x_wconf 83' lang='lat' dir='ltr'>miffilium</span> <span class='ocrx_word' id='word_1_107' title='bbox 483 1262 678 1309; x_wconf 84' lang='lat' dir='ltr'>telorum</span> <span class='ocrx_word' id='word_1_108' title='bbox 714 1277 875 1324; x_wconf 85' lang='lat' dir='ltr'>genere</span> <span class='ocrx_word' id='word_1_109' title='bbox 908 1260 1112 1320; x_wconf 80' lang='lat' dir='ltr'>instruit,</span> <span class='ocrx_word' id='word_1_110' title='bbox 1141 1263 1369 1311; x_wconf 79' lang='lat' dir='ltr'>onerarias</span> <span class='ocrx_word' id='word_1_111' title='bbox 1396 1277 1517 1329; x_wconf 85' lang='lat' dir='ltr'>quo-</span> 
     </span>
     <span class='ocr_line' id='line_1_17' title="bbox 225 1333 1518 1401; baseline -0.002 -16"><span class='ocrx_word' id='word_1_112' title='bbox 225 1355 347 1401; x_wconf 83' lang='lat' dir='ltr'>que,</span> <span class='ocrx_word' id='word_1_113' title='bbox 367 1354 464 1384; x_wconf 83' lang='lat' dir='ltr'>non</span> <span class='ocrx_word' id='word_1_114' title='bbox 483 1352 556 1382; x_wconf 86' lang='lat' dir='ltr'>eas</span> <span class='ocrx_word' id='word_1_115' title='bbox 582 1334 753 1393; x_wconf 81' lang='lat' dir='ltr'>solum,</span> <span class='ocrx_word' id='word_1_116' title='bbox 786 1350 888 1397; x_wconf 78' lang='lat' dir='ltr'>quae</span> <span class='ocrx_word' id='word_1_117' title='bbox 915 1333 1048 1380; x_wconf 87' lang='lat' dir='ltr'>remis</span> <span class='ocrx_word' id='word_1_118' title='bbox 1079 1346 1339 1397; x_wconf 82' lang='lat' dir='ltr'>agerentur3</span> <span class='ocrx_word' id='word_1_119' title='bbox 1367 1349 1417 1382; x_wconf 88' lang='lat' dir='ltr'>ut</span> <span class='ocrx_word' id='word_1_120' title='bbox 1441 1337 1518 1384; x_wconf 81' lang='lat' dir='ltr'>alii</span> 
     </span>
    </p>
   </div>
   <div class='ocr_carea' id='block_1_5' title="bbox 225 1406 1570 1473">
    <p class='ocr_par' dir='ltr' id='par_1_5' title="bbox 225 1406 1570 1473">
     <span class='ocr_line' id='line_1_18' title="bbox 225 1406 1570 1473; baseline -0.001 -13"><span class='ocrx_word' id='word_1_121' title='bbox 225 1412 457 1460; x_wconf 84' lang='lat' dir='ltr'>machinas</span> <span class='ocrx_word' id='word_1_122' title='bbox 489 1408 711 1472; x_wconf 79' lang='lat' dir='ltr'>scalasque</span> <span class='ocrx_word' id='word_1_123' title='bbox 745 1408 800 1456; x_wconf 86' lang='lat' dir='ltr'>ad</span> <span class='ocrx_word' id='word_1_124' title='bbox 836 1424 990 1454; x_wconf 87' lang='lat' dir='ltr'>muros</span> <span class='ocrx_word' id='word_1_125' title='bbox 1018 1406 1213 1468; x_wconf 84' lang='lat' dir='ltr'>ferrent,</span> <span class='ocrx_word' id='word_1_126' title='bbox 1243 1409 1319 1456; x_wconf 87' lang='lat' dir='ltr'>alii</span> <span class='ocrx_word' id='word_1_127' title='bbox 1351 1412 1518 1473; x_wconf 83' lang='lat' dir='ltr'>procul</span> <span class='ocrx_word' id='word_1_128' title='bbox 1560 1446 1570 1451; x_wconf 46' lang='grc'>,-</span> 
     </span>
    </p>
   </div>
   <div class='ocr_carea' id='block_1_6' title="bbox 221 1480 1516 1986">
    <p class='ocr_par' dir='ltr' id='par_1_6' title="bbox 221 1480 1516 1986">
     <span class='ocr_line' id='line_1_19' title="bbox 224 1480 1516 1545; baseline -0.002 -12"><span class='ocrx_word' id='word_1_129' title='bbox 224 1503 285 1533; x_wconf 80' lang='lat' dir='ltr'>ex</span> <span class='ocrx_word' id='word_1_130' title='bbox 301 1484 489 1532; x_wconf 81' lang='lat' dir='ltr'>navibus</span> <span class='ocrx_word' id='word_1_131' title='bbox 501 1482 793 1529; x_wconf 76' lang='lat' dir='ltr'>vulnerarent</span> <span class='ocrx_word' id='word_1_132' title='bbox 806 1480 1030 1528; x_wconf 86' lang='lat' dir='ltr'>moenium</span> <span class='ocrx_word' id='word_1_133' title='bbox 1047 1495 1423 1545; x_wconf 83' lang='lat' dir='ltr'>propugnatores.</span> <span class='ocrx_word' id='word_1_134' title='bbox 1439 1486 1516 1530; x_wconf 79' lang='lat' dir='ltr'>Eae</span> 
     </span>
     <span class='ocr_line' id='line_1_20' title="bbox 224 1553 1515 1619; baseline -0.003 -13"><span class='ocrx_word' id='word_1_135' title='bbox 224 1575 368 1606; x_wconf 78' lang='lat' dir='ltr'>naves</span> <span class='ocrx_word' id='word_1_136' title='bbox 383 1593 398 1616; x_wconf 93' lang='lat'>,</span> <span class='ocrx_word' id='word_1_137' title='bbox 419 1558 475 1604; x_wconf 85' lang='lat' dir='ltr'>ab</span> <span class='ocrx_word' id='word_1_138' title='bbox 497 1566 654 1619; x_wconf 82' lang='lat' dir='ltr'>aperto</span> <span class='ocrx_word' id='word_1_139' title='bbox 675 1554 786 1601; x_wconf 85' lang='lat' dir='ltr'>mari</span> <span class='ocrx_word' id='word_1_140' title='bbox 809 1565 861 1601; x_wconf 89' lang='lat' dir='ltr'>ut</span> <span class='ocrx_word' id='word_1_141' title='bbox 880 1553 1036 1600; x_wconf 84' lang='lat' dir='ltr'>urbem</span> <span class='ocrx_word' id='word_1_142' title='bbox 1056 1556 1425 1618; x_wconf 77' lang='lat' dir='ltr'>aggrederentur,</span> <span class='ocrx_word' id='word_1_143' title='bbox 1443 1555 1515 1602; x_wconf 90' lang='lat' dir='ltr'>in-</span> 
     </span>
     <span class='ocr_line' id='line_1_21' title="bbox 223 1626 1515 1693; baseline -0.002 -15"><span class='ocrx_word' id='word_1_144' title='bbox 223 1631 397 1678; x_wconf 66' lang='lat' dir='ltr'>structae</span> <span class='ocrx_word' id='word_1_145' title='bbox 415 1641 670 1693; x_wconf 70' lang='lat' dir='ltr'>parataeque</span> <span class='ocrx_word' id='word_1_146' title='bbox 688 1627 803 1674; x_wconf 86' lang='lat' dir='ltr'>sunt.</span> <span class='ocrx_word' id='word_1_147' title='bbox 822 1629 880 1673; x_wconf 84' lang='lat' dir='ltr'>Et</span> <span class='ocrx_word' id='word_1_148' title='bbox 900 1638 993 1673; x_wconf 87' lang='lat' dir='ltr'>erat</span> <span class='ocrx_word' id='word_1_149' title='bbox 1006 1626 1195 1673; x_wconf 89' lang='lat' dir='ltr'>liberum</span> <span class='ocrx_word' id='word_1_150' title='bbox 1218 1645 1338 1676; x_wconf 88' lang='lat' dir='ltr'>mare</span> <span class='ocrx_word' id='word_1_151' title='bbox 1353 1665 1368 1686; x_wconf 85' lang='lat'><strong><em>‚</em></strong></span> <span class='ocrx_word' id='word_1_152' title='bbox 1387 1630 1515 1677; x_wconf 78' lang='lat' dir='ltr'>classe</span> 
     </span>
     <span class='ocr_line' id='line_1_22' title="bbox 222 1699 1514 1764; baseline -0.002 -14"><span class='ocrx_word' id='word_1_153' title='bbox 222 1703 420 1760; x_wconf 87' lang='lat' dir='ltr'>Punica,</span> <span class='ocrx_word' id='word_1_154' title='bbox 450 1718 553 1748; x_wconf 82' lang='lat' dir='ltr'>cum</span> <span class='ocrx_word' id='word_1_155' title='bbox 578 1699 808 1762; x_wconf 72' lang='lat' dir='ltr'>Philippus</span> <span class='ocrx_word' id='word_1_156' title='bbox 829 1708 1093 1762; x_wconf 70' lang='lat' dir='ltr'>oppugnare</span> <span class='ocrx_word' id='word_1_157' title='bbox 1115 1700 1294 1747; x_wconf 85' lang='lat' dir='ltr'>AEtolos</span> <span class='ocrx_word' id='word_1_158' title='bbox 1311 1715 1514 1764; x_wconf 83' lang='lat' dir='ltr'>pararet,</span> 
     </span>
     <span class='ocr_line' id='line_1_23' title="bbox 221 1772 1514 1840; baseline 0.001 -17"><span class='ocrx_word' id='word_1_159' title='bbox 221 1777 488 1840; x_wconf 84' lang='lat' dir='ltr'>Corcyram</span> <span class='ocrx_word' id='word_1_160' title='bbox 514 1772 773 1821; x_wconf 68' lang='lat' dir='ltr'>transmiffa.</span> <span class='ocrx_word' id='word_1_161' title='bbox 805 1774 857 1818; x_wconf 81' lang='lat' dir='ltr'>In</span> <span class='ocrx_word' id='word_1_162' title='bbox 876 1772 1058 1819; x_wconf 81' lang='lat' dir='ltr'>Bruttiis</span> <span class='ocrx_word' id='word_1_163' title='bbox 1092 1772 1272 1821; x_wconf 86' lang='lat' dir='ltr'>interim</span> <span class='ocrx_word' id='word_1_164' title='bbox 1294 1775 1514 1824; x_wconf 81' lang='lat' dir='ltr'>Caulonis</span> 
     </span>
     <span class='ocr_line' id='line_1_24' title="bbox 223 1845 1512 1914; baseline -0.001 -17"><span class='ocrx_word' id='word_1_165' title='bbox 223 1862 565 1914; x_wconf 80' lang='lat' dir='ltr'>oppugnatores</span> <span class='ocrx_word' id='word_1_166' title='bbox 583 1884 597 1906; x_wconf 86' lang='lat'>,</span> <span class='ocrx_word' id='word_1_167' title='bbox 631 1846 712 1894; x_wconf 85' lang='lat' dir='ltr'>sub</span> <span class='ocrx_word' id='word_1_168' title='bbox 736 1847 981 1893; x_wconf 85' lang='lat' dir='ltr'>adventum</span> <span class='ocrx_word' id='word_1_169' title='bbox 1004 1847 1268 1895; x_wconf 83' lang='lat' dir='ltr'>Hannibalis</span> <span class='ocrx_word' id='word_1_170' title='bbox 1285 1885 1300 1907; x_wconf 81' lang='lat'>,</span> <span class='ocrx_word' id='word_1_171' title='bbox 1336 1845 1393 1895; x_wconf 88' lang='lat' dir='ltr'>ne</span> <span class='ocrx_word' id='word_1_172' title='bbox 1425 1867 1512 1912; x_wconf 85' lang='lat' dir='ltr'>op-</span> 
     </span>
     <span class='ocr_line' id='line_1_25' title="bbox 222 1917 1510 1986; baseline -0.001 -17"><span class='ocrx_word' id='word_1_173' title='bbox 222 1923 554 1986; x_wconf 82' lang='lat' dir='ltr'>primerentur,</span> <span class='ocrx_word' id='word_1_174' title='bbox 592 1919 638 1967; x_wconf 89' lang='lat' dir='ltr'>in</span> <span class='ocrx_word' id='word_1_175' title='bbox 668 1917 893 1966; x_wconf 84' lang='lat' dir='ltr'>tumulum</span> <span class='ocrx_word' id='word_1_176' title='bbox 911 1955 927 1978; x_wconf 93' lang='lat'>,</span> <span class='ocrx_word' id='word_1_177' title='bbox 958 1936 982 1965; x_wconf 88' lang='lat' dir='ltr'>a</span> <span class='ocrx_word' id='word_1_178' title='bbox 1007 1919 1213 1982; x_wconf 78' lang='lat' dir='ltr'>praesenti</span> <span class='ocrx_word' id='word_1_179' title='bbox 1241 1919 1411 1983; x_wconf 85' lang='lat' dir='ltr'>impetu</span> <span class='ocrx_word' id='word_1_180' title='bbox 1435 1934 1510 1968; x_wconf 73' lang='lat' dir='ltr'>tu·—</span> 
     </span>
    </p>
   </div>
   <div class='ocr_carea' id='block_1_7' title="bbox 221 1994 1526 2059">
    <p class='ocr_par' dir='ltr' id='par_1_7' title="bbox 221 1994 1526 2059">
     <span class='ocr_line' id='line_1_26' title="bbox 221 1994 1526 2059; baseline -0.002 -15"><span class='ocrx_word' id='word_1_181' title='bbox 221 2009 318 2045; x_wconf 74' lang='lat' dir='ltr'>tum</span> <span class='ocrx_word' id='word_1_182' title='bbox 335 2034 348 2055; x_wconf 85' lang='lat'>,</span> <span class='ocrx_word' id='word_1_183' title='bbox 369 1997 411 2044; x_wconf 84' lang='lat' dir='ltr'>se</span> <span class='ocrx_word' id='word_1_184' title='bbox 439 2012 663 2059; x_wconf 86' lang='lat' dir='ltr'>recepere.</span> <span class='ocrx_word' id='word_1_185' title='bbox 700 1995 910 2051; x_wconf 82' lang='lat' dir='ltr'>Fabium,</span> <span class='ocrx_word' id='word_1_186' title='bbox 936 1997 1183 2043; x_wconf 83' lang='lat' dir='ltr'>Tarentum</span> <span class='ocrx_word' id='word_1_187' title='bbox 1203 1994 1526 2057; x_wconf 42' lang='lat' dir='ltr'>obsidentem„</span> 
     </span>
    </p>
   </div>
   <div class='ocr_carea' id='block_1_8' title="bbox 214 2068 1509 2499">
    <p class='ocr_par' dir='ltr' id='par_1_8' title="bbox 214 2068 1509 2499">
     <span class='ocr_line' id='line_1_27' title="bbox 221 2068 1509 2132; baseline 0 -16"><span class='ocrx_word' id='word_1_188' title='bbox 221 2070 325 2120; x_wconf 80' lang='lat' dir='ltr'>leve</span> <span class='ocrx_word' id='word_1_189' title='bbox 344 2071 462 2118; x_wconf 60' lang='lat' dir='ltr'>dian</span> <span class='ocrx_word' id='word_1_190' title='bbox 483 2084 768 2117; x_wconf 85' lang='lat' dir='ltr'>momentum</span> <span class='ocrx_word' id='word_1_191' title='bbox 792 2069 847 2115; x_wconf 88' lang='lat' dir='ltr'>ad</span> <span class='ocrx_word' id='word_1_192' title='bbox 864 2085 957 2115; x_wconf 90' lang='lat' dir='ltr'>rem</span> <span class='ocrx_word' id='word_1_193' title='bbox 982 2068 1210 2132; x_wconf 82' lang='lat' dir='ltr'>ingentem</span> <span class='ocrx_word' id='word_1_194' title='bbox 1236 2068 1509 2132; x_wconf 78' lang='lat' dir='ltr'>potiundam</span> 
     </span>
     <span class='ocr_line' id='line_1_28' title="bbox 221 2141 1505 2204; baseline -0.002 -14"><span class='ocrx_word' id='word_1_195' title='bbox 221 2142 412 2204; x_wconf 80' lang='lat' dir='ltr'>adjuvit.</span> <span class='ocrx_word' id='word_1_196' title='bbox 448 2143 706 2189; x_wconf 75' lang='lat' dir='ltr'>Praefidium</span> <span class='ocrx_word' id='word_1_197' title='bbox 739 2141 1018 2189; x_wconf 86' lang='lat' dir='ltr'>Bruttiorum</span> <span class='ocrx_word' id='word_1_198' title='bbox 1056 2142 1208 2188; x_wconf 85' lang='lat' dir='ltr'>datum</span> <span class='ocrx_word' id='word_1_199' title='bbox 1240 2142 1295 2188; x_wconf 90' lang='lat' dir='ltr'>ab</span> <span class='ocrx_word' id='word_1_200' title='bbox 1329 2142 1505 2189; x_wconf 84' lang='lat' dir='ltr'>Hanni-</span> 
     </span>
     <span class='ocr_line' id='line_1_29' title="bbox 221 2215 1504 2278; baseline -0.001 -14"><span class='ocrx_word' id='word_1_201' title='bbox 221 2217 320 2264; x_wconf 86' lang='lat' dir='ltr'>bale</span> <span class='ocrx_word' id='word_1_202' title='bbox 343 2218 577 2265; x_wconf 83' lang='lat' dir='ltr'>Tarentini</span> <span class='ocrx_word' id='word_1_203' title='bbox 594 2218 830 2264; x_wconf 86' lang='lat' dir='ltr'>habebant.</span> <span class='ocrx_word' id='word_1_204' title='bbox 855 2215 948 2278; x_wconf 79' lang='lat' dir='ltr'>ejus</span> <span class='ocrx_word' id='word_1_205' title='bbox 967 2215 1158 2278; x_wconf 72' lang='lat' dir='ltr'>praesidii</span> <span class='ocrx_word' id='word_1_206' title='bbox 1177 2215 1407 2278; x_wconf 60' lang='lat' dir='ltr'>praefectus</span> <span class='ocrx_word' id='word_1_207' title='bbox 1426 2217 1504 2263; x_wconf 89' lang='lat' dir='ltr'>de-</span> 
     </span>
     <span class='ocr_line' id='line_1_30' title="bbox 219 2285 1502 2353; baseline -0.002 -17"><span class='ocrx_word' id='word_1_208' title='bbox 219 2289 395 2353; x_wconf 86' lang='lat' dir='ltr'>peribat</span> <span class='ocrx_word' id='word_1_209' title='bbox 415 2285 570 2335; x_wconf 82' lang='lat' dir='ltr'>amore</span> <span class='ocrx_word' id='word_1_210' title='bbox 602 2289 878 2336; x_wconf 84' lang='lat' dir='ltr'>mulierculae</span> <span class='ocrx_word' id='word_1_211' title='bbox 893 2324 907 2347; x_wconf 91' lang='lat'>,</span> <span class='ocrx_word' id='word_1_212' title='bbox 938 2288 1062 2350; x_wconf 79' lang='lat' dir='ltr'>cujus</span> <span class='ocrx_word' id='word_1_213' title='bbox 1081 2287 1215 2334; x_wconf 79' lang='lat' dir='ltr'>frater</span> <span class='ocrx_word' id='word_1_214' title='bbox 1233 2287 1280 2332; x_wconf 88' lang='lat' dir='ltr'>in</span> <span class='ocrx_word' id='word_1_215' title='bbox 1299 2287 1502 2333; x_wconf 77' lang='lat' dir='ltr'>exercitu</span> 
     </span>
     <span class='ocr_line' id='line_1_31' title="bbox 214 2358 1496 2427; baseline -0.004 -18"><span class='ocrx_word' id='word_1_216' title='bbox 214 2362 343 2427; x_wconf 75' lang='lat' dir='ltr'>Fabii</span> <span class='ocrx_word' id='word_1_217' title='bbox 373 2362 567 2408; x_wconf 69' lang='lat' dir='ltr'>consuli&lt;</span> <span class='ocrx_word' id='word_1_218' title='bbox 587 2374 691 2409; x_wconf 85' lang='lat' dir='ltr'>erat.</span> <span class='ocrx_word' id='word_1_219' title='bbox 723 2365 761 2408; x_wconf 85' lang='lat' dir='ltr'>Is</span> <span class='ocrx_word' id='word_1_220' title='bbox 775 2398 790 2419; x_wconf 83' lang='lat'>,</span> <span class='ocrx_word' id='word_1_221' title='bbox 820 2361 988 2408; x_wconf 80' lang='lat' dir='ltr'>certior</span> <span class='ocrx_word' id='word_1_222' title='bbox 1010 2360 1147 2406; x_wconf 85' lang='lat' dir='ltr'>literis</span> <span class='ocrx_word' id='word_1_223' title='bbox 1170 2359 1336 2406; x_wconf 75' lang='lat' dir='ltr'>sororis</span> <span class='ocrx_word' id='word_1_224' title='bbox 1356 2358 1496 2405; x_wconf 48' lang='lat' dir='ltr'>faustus</span> 
     </span>
     <span class='ocr_line' id='line_1_32' title="bbox 218 2434 1496 2499; baseline -0.002 -16"><span class='ocrx_word' id='word_1_225' title='bbox 218 2436 273 2484; x_wconf 84' lang='lat' dir='ltr'>de</span> <span class='ocrx_word' id='word_1_226' title='bbox 304 2453 425 2486; x_wconf 76' lang='lat' dir='ltr'>nova</span> <span class='ocrx_word' id='word_1_227' title='bbox 452 2435 772 2484; x_wconf 83' lang='lat' dir='ltr'>consuetudine</span> <span class='ocrx_word' id='word_1_228' title='bbox 805 2436 1022 2495; x_wconf 74' lang='lat' dir='ltr'>advenae,</span> <span class='ocrx_word' id='word_1_229' title='bbox 1058 2434 1298 2499; x_wconf 76' lang='lat' dir='ltr'>locupletis</span> <span class='ocrx_word' id='word_1_230' title='bbox 1312 2471 1330 2493; x_wconf 86' lang='lat'>,</span> <span class='ocrx_word' id='word_1_231' title='bbox 1359 2447 1496 2499; x_wconf 76' lang='lat' dir='ltr'>atque</span> 
     </span>
    </p>
   </div>
  </div>
 </body>
</html>
