1628 2890
207 158 299 221 296
557 153 1119 201 TITILIVII

257 277 371 316 quam
392 271 522 314 togam
550 267 772 313 acceperat,
800 261 974 312 quotidie
994 263 1035 300 in
1051 259 1241 312 Capitolio
1258 265 1358 309 erat3
1382 260 1417 299 Sc
1445 259 1485 298 in

257 324 437 365 cubiculo
465 324 593 363 matris
615 326 695 373 ejus
717 325 849 374 anguis
881 323 1141 374 saepenumero
1163 323 1374 362 videbatur.
1410 321 1485 360 Res

256 396 438 439 praeterea
454 388 493 426 in
508 386 637 427 Sicilia
657 387 773 437 gestas
796 377 967 425 continet
979 416 989 434 ,
1009 388 1042 424 Sc
1058 386 1264 424 amicitiam
1281 397 1369 423 cum
1384 384 1488 424 AEto·

254 450 302 489 lis
335 452 505 499 junctam
523 481 534 499 ‚
564 449 784 499 bellumque
818 449 964 500 gestum
999 447 1176 488 adversus
1214 449 1425 488 Acarnanas
1450 448 1487 485 δε

255 511 477 563 Philippum
500 512 744 553 Macedoniae
773 524 913 564 regem.

203 683 237 728 I.
274 615 382 732 C
398 696 445 728 N.
467 683 686 728 FULVIUS
711 681 1028 740 Centumalus,
1057 681 1106 727 P.
1130 676 1351 741 Sulpicius
1373 674 1489 723 Gal-

207 753 261 799 ba
286 752 492 800 consules
508 788 522 811 ‚
553 770 657 801 cum
687 754 830 801 idibus
849 753 1023 801 Martiis
1054 750 1355 815 magistratum
1381 745 1489 793 inis-

208 824 332 884 sent,
366 824 516 873 senatu
548 825 595 873 in
616 827 895 891 Capitolium
918 837 1089 873 vocato
1107 860 1121 881 ‚
1156 823 1210 869 de
1235 819 1490 885 republica,

209 899 263 944 de
301 899 685 947 administratione
722 901 863 958 belli,
898 900 951 946 de
986 897 1242 962 provinciis
1281 892 1493 942 exerciti·-

209 970 379 1035 busque
400 973 547 1018 Patres
570 973 907 1020 consuluerunt.
945 974 1005 1032 Q.
1025 971 1218 1028 Fulvio,
1247 971 1329 1031 Ap.
1349 967 1493 1014 Clau-

211 1044 289 1090 dio
301 1080 314 1102 ‚
329 1044 494 1107 prioris
512 1046 617 1092 anni
637 1046 916 1104 consulibus,
936 1056 1233 1108 prorogatum
1245 1040 1494 1104 ‘imperium

211 1117 301 1174 est3
333 1134 467 1181 atque
495 1120 742 1179 exercitus,
777 1137 893 1184 quos
922 1120 1171 1176 habebant,
1202 1116 1381 1163 decreti.
1413 1114 1493 1160 ad-

211 1190 466 1255 jectumque
483 1228 496 1251 ‚
526 1210 581 1240 ne
608 1212 633 1240 a
662 1195 842 1257 Capua,
868 1212 1001 1257 quam
1022 1193 1316 1248 obfidebant‚
1343 1188 1495 1235 absce=

216 1264 391 1322 derent,
409 1266 668 1330 priusquam
688 1267 1020 1331 expugnassent.
1037 1268 1099 1312 Ea
1115 1277 1210 1310 tum
1231 1279 1332 1310 cura
1348 1259 1496 1307 maxi-

215 1355 288 1384 me
322 1338 522 1386 intentos
555 1340 742 1387 habebat
778 1342 1042 1387 Romanos:
1081 1355 1175 1384 non
1211 1336 1266 1383 ab
1297 1334 1361 1381 ira
1393 1347 1496 1381 tan-

215 1422 341 1469 tum,
360 1428 461 1474 quae
481 1411 529 1457 in
552 1412 721 1459 nullam
744 1429 940 1476 unquam
962 1412 1191 1460 civitatem
1208 1407 1367 1473 justior
1386 1405 1498 1462 fuit,
1551 1435 1553 1437 v

212 1500 354 1546 >quam
386 1485 511 1548 quod
536 1485 643 1532 urbs
672 1496 759 1532 tam
793 1486 959 1533 nobilis
988 1502 1037 1533 ac
1066 1495 1257 1548 potens,
1288 1481 1398 1528 ficut
1424 1479 1499 1525 de-

219 1557 414 1604 feffione
445 1558 520 1606 sua
544 1570 735 1606 traxerat
755 1560 931 1624 aliquot
965 1558 1162 1623 populos
1179 1593 1193 1615 ‚
1219 1556 1279 1602 ita
1298 1564 1499 1616 recepta,

220 1631 487 1679 inclinatura
516 1624 660 1680 rui-siis
691 1634 865 1680 animos
884 1634 1115 1680 videbatur
1145 1631 1200 1677 ad
1229 1624 1393 1675 veteris
1415 1626 1498 1672 im-

221 1705 335 1768 perii
360 1705 617 1768 respeflum.
653 1710 709 1754 Et
728 1707 995 1770 praetoribus
1013 1705 1173 1769 prioris
1193 1703 1326 1760 anni,
1348 1702 1411 1748 M.
1427 1701 1500 1747 Ju-

224 1779 304 1825 nio
326 1778 370 1824 in
402 1772 577 1826 Etruria
596 1816 606 1835 2
642 1783 688 1839 P.
707 1781 975 1844 Sempronio
1000 1780 1058 1826 in
1084 1777 1261 1834 Gallia,
1299 1792 1399 1822 cum
1432 1774 1501 1820 bi·
1544 1803 1551 1812 -

224 1849 295 1897 nis
330 1850 611 1914 legionibus,
649 1870 756 1916 quas
791 1854 1036 1900 habuerant
1057 1888 1071 1910 ‚
1109 1861 1404 1915 prorogatum
1440 1846 1502 1893 est'

223 1924 480 1988 imperium.
502 1944 794 1991 prorogatum
816 1930 863 1976 &
882 1929 943 1974 M.
958 1926 1176 1973 Marcello
1192 1961 1203 1981 ,
1218 1936 1267 1970 ut
1286 1938 1370 1985 pro
1390 1938 1500 1966 con-

228 1996 316 2044 sule
348 1997 392 2042 in
421 1998 568 2045 Sicilia
603 2000 771 2063 reliqua
800 2000 905 2047 belli
933 1998 1165 2063 perficeret
1197 2013 1253 2043 eo
1275 1994 1501 2052 exercitu,

225 2086 359 2132 quem
390 2071 582 2118 haberet.
618 2072 648 2118 fi
678 2073 989 2136 supplemento
1021 2089 1136 2134 opus
1163 2070 1294 2126 effer,
1328 2067 1501 2130 supple-

227 2156 294 2189 ret
321 2146 374 2190 de
399 2145 652 2209 legionibus
669 2184 682 2206 ‚
711 2148 873 2212 quibus
905 2150 951 2194 P.
973 2146 1215 2193 Cornelius
1249 2154 1503 2206 propraetor

227 2218 273 2263 in
302 2218 451 2266 Sicilia
474 2223 699 2283 praeesset:
733 2224 839 2269 dum
871 2240 926 2268 ne
957 2238 1088 2284 quem
1122 2218 1307 2264 militem
1342 2214 1506 2277 legeret

228 2307 288 2337 ex
319 2308 374 2339 eo
400 2311 591 2340 numero
607 2330 618 2352 ,
651 2297 812 2358 quibus
835 2295 1003 2340 senatus
1024 2292 1273 2338 mistionem
1295 2286 1505 2332 reditum-

228 2380 316 2426 que
345 2365 390 2410 in
429 2366 616 2427 patriam
650 2366 840 2430 negasset
874 2378 975 2411 ante
1007 2364 1112 2410 belli
1145 2360 1292 2407 finem.
1328 2361 1380 2406 C.
1407 2358 1504 2404 Sul-

228 2436 352 2500 picio
368 2474 383 2497 ‚
413 2439 487 2486 cui
512 2439 662 2487 Sicilia
682 2452 925 2500 evenerat,
957 2440 1054 2485 duae
1076 2436 1272 2500 legiones
1293 2469 1305 2492 ,
1327 2449 1434 2496 quas
1461 2433 1506 2478 P.
