1628 2890
210 178 1212 234 HisToRlARUMLiss.Xx111.
1289 196 1371 241 ,ις

99 295 221 341 Idem
257 291 414 340 titulus
444 289 584 336 tribus
620 289 750 352 fignis
787 288 833 333 in
866 288 959 334 aede
987 291 1197 334 Fortunae
1226 286 1381 350 positis

97 367 184 413 fuit
203 365 435 426 subjeetus.

184 439 298 486 XX.
332 436 581 484 Cafilinum
622 434 842 496 oppidum
882 434 1104 480 redditum
1143 434 1383 496 Campanis

97 510 193 568 est,
219 508 442 554 firmatum
464 506 853 568 septingentorum
881 505 1156 559 militumtde
1183 505 1385 552 exercitu

100 581 362 628 Hannibalis
388 579 622 643 praefidi03
651 593 705 622 ne
720 613 733 635 ‚
755 575 833 623 ubi
854 578 1022 623 Poenus
1044 577 1145 623 inde
1167 576 1387 643 abscessis-

98 655 191 714 set,
210 655 407 703 Romani
428 662 761 716 oppugnarent.
790 650 1069 696 Praenestinis
1086 651 1299 697 militibus
1318 651 1387 696 se-

99 743 233 775 natus
259 728 494 774 Romanus
518 725 682 787 duplex
709 722 977 785 stipendium
1005 724 1056 768 &
1088 723 1388 786 quinquennii

99 801 274 848 militiae
306 797 593 845 vacationem
631 795 847 843 decrevit‘
887 794 1068 842 civitate
1105 813 1208 842 cum
1241 797 1388 842 dona-

101 885 255 919 rentur
288 871 349 917 ob
384 869 602 917 virtutem
622 903 635 924 ‚
674 884 771 913 non
803 879 1110 923 mutaverunt,
1150 868 1388 914 Perufino-

101 963 203 993 rum
235 943 356 990 casus
389 940 628 989 obscurior
659 938 776 986 fama
808 939 899 995 est3
936 939 1041 1003 quia
1073 957 1156 986 nec
1188 940 1388 1000 ipsorum

102 1029 402 1066 monumento
436 1014 534 1061 ullo
567 1014 628 1059 est
662 1012 929 1069 illustratus,
965 1028 1049 1058 nec
1084 1012 1266 1058 decreto
1290 1013 1389 1058 Ro-

102 1106 353 1137 manorum.
394 1086 564 1133 Eodem
598 1097 805 1146 tempore
834 1083 1087 1141 Petelinos,
1123 1083 1201 1147 qui
1226 1084 1304 1130 uni
1332 1101 1390 1130 ex

100 1164 288 1210 Bruttiis
307 1160 557 1208 manserant
575 1159 621 1204 in
642 1157 835 1205 amicitia
844 1157 1050 1203 Romana
1061 1192 1074 1215 ,
1090 1173 1186 1204 non
1201 1157 1393 1204 Cartha-

103 1234 322 1291 ginientes
340 1226 504 1282 modo,
523 1240 601 1286 qui
615 1231 848 1286 regionem
865 1223 1135 1270 obtinebant
1146 1260 1160 1283 ,
1176 1229 1247 1270 sed
1262 1232 1392 1274 Brut-

104 1301 158 1346 tii
185 1315 369 1362 quoque
402 1297 568 1354 ceteri,
604 1297 665 1342 ob
698 1295 893 1359 separata
922 1297 976 1343 ab
996 1297 1037 1343 se
1067 1299 1280 1359 consilia,
1301 1318 1392 1364 op-

105 1372 377 1436 pugnabant.
412 1370 594 1431 Quibus
623 1387 724 1416 cum
749 1368 957 1415 obsistere
990 1370 1116 1416 malis
1149 1372 1390 1434 nequirent

105 1443 329 1499 Petelini,
365 1442 534 1503 legatos
561 1441 752 1486 Romam
775 1441 829 1486 ad
860 1441 1110 1502 praefidium
1146 1446 1389 1504 petendum

106 1512 334 1560 miserunt.
375 1529 570 1574 quorum
600 1529 755 1574 preces
791 1512 1072 1576 lacrimaeque
1107 1513 1183 1577 (in
1211 1518 1392 1577 questus

107 1586 229 1634 enim
254 1585 422 1631 flebiles
437 1622 449 1643 ,
472 1603 576 1632 cum
596 1585 771 1631 fibimet
799 1585 879 1647 ipsi
898 1585 1130 1632 consulere
1146 1586 1390 1652 juffisunss

108 1659 195 1706 sese
227 1659 273 1704 in
304 1657 529 1704 vestibulo
551 1658 685 1704 curiae
707 1655 1037 1719 profuderunt)
1059 1658 1284 1720 ingentem
1306 1663 1389 1709 mi·-

110 1731 397 1780 sericordiam
438 1731 640 1777 Patribus
676 1748 727 1778 ac
763 1731 936 1793 populo
973 1737 1234 1780 moverunt.
1272 1747 1392 1782 coum·

112 1803 304 1866 sultique
343 1803 504 1849 iterum
540 1821 564 1849 a
595 1804 751 1849 Mutuo
786 1803 1044 1866 Pomponio
1082 1817 1275 1866 praetore
1308 1809 1392 1855 Pa-

112 1888 228 1933 tres,
258 1875 584 1938 circumspeffis
611 1876 823 1929 omnibus
845 1877 1020 1938 imperii
1042 1878 1239 1937 viribus,
1262 1880 1391 1928 fateri

113 1950 282 2007 coaffi,
319 1950 429 1996 nihil
458 1949 547 2010 jam
585 1950 846 2013 longinquis
884 1950 1012 1997 sociis
1047 1951 1093 1996 in
1129 1952 1172 1998 se
1202 1956 1394 2015 praesidii

115 2023 227 2081 effe,
257 2024 399 2069 redire
434 2024 646 2081 domum,
680 2022 856 2087 fideque
886 2024 941 2069 ad
959 2024 1163 2070 ultimum
1192 2028 1395 2089 expleta,

117 2095 351 2144 consulere
381 2094 553 2142 sibimet
587 2095 703 2157 ipsos
738 2097 784 2141 in
816 2096 1035 2158 reliquum
1063 2098 1266 2158 praesenti
1295 2100 1394 2146 for-

112 2180 225 2214 tuna
256 2167 481 2228 jufferunt.
525 2169 635 2215 Haec
668 2169 904 2232 postquam
940 2170 1191 2217 renuntiata
1228 2161 1396 2237 legatio

116 2239 326 2286 Petelinis
355 2240 443 2298 est,
476 2252 624 2287 tantus
655 2252 835 2303 repente
862 2257 1037 2286 moeror
1067 2258 1302 2306 pavorque
1329 2247 1395 2292 {e-

117 2324 271 2361 natum
291 2329 449 2359 eorum
471 2313 616 2376 cepit,
644 2325 693 2360 ut
719 2330 816 2376 pars
838 2313 1148 2377 profugiendi,
1167 2333 1251 2380 qua
1273 2320 1397 2381 quis·

118 2403 207 2450 que
246 2386 418 2447 poss'et,
460 2404 511 2435 ac
549 2385 798 2432 deserendae
833 2387 953 2432 urbis
986 2390 1186 2435 auetores
1223 2391 1394 2448 effent3

119 2475 241 2524 pars,
276 2459 455 2521 quando
485 2458 643 2507 deserti
674 2477 698 2507 a
729 2460 957 2508 veteribus
988 2459 1115 2507 sociis
1137 2461 1298 2523 ets-ent,
1320 2466 1395 2510 ad-

186 2536 235 2582 T.
251 2537 341 2580 Liv.
366 2538 461 2582 Vol.
482 2537 503 2577 I
510 2539 563 2581 V.
1096 2537 1137 2580 H
