1628 2890
256 149 353 198 334
625 133 1187 182 TITILIVII

253 259 363 307 pum
390 257 574 303 quoque
599 239 699 287 satis
724 240 1003 304 implicatum
1032 241 1154 287 bello
1174 240 1372 289 finitimo
1399 253 1540 303 ratt13‚'

253 330 313 361 ne
333 313 500 359 ltaliam
526 312 781 376 Poenosque
804 314 855 360 &
883 314 1007 375 paEla
1034 330 1135 359 cum
1157 313 1410 360 Hannibale
1430 316 1537 377 pos-

254 386 319 432 set
350 385 594 448 respicere,
620 386 878 448 Corcyram
911 385 1000 448 ipse
1036 385 1078 431 se
1112 387 1293 448 recepit.

317 461 472 507 XXV.
503 459 713 522 Philippo
735 461 992 508 AEtolorum
1014 459 1205 506 defectio
1232 460 1363 506 Pellae
1384 461 1537 508 hiber-

253 535 378 580 nanti
413 533 541 579 allata
572 532 648 579 est.
682 532 855 595 itaque,
879 535 982 596 quia
1014 532 1162 595 primo
1188 550 1296 579 vere
1330 547 1536 581 moturus

254 607 505 654 exercitum
538 607 586 651 in
619 606 845 651 Graeciam
877 617 994 676 erat,
1027 605 1209 669 Illyrios
1244 604 1537 670 finitimasque

254 681 318 728 eis
342 681 475 727 urbes
507 679 681 725 alterno
715 691 836 724 metu
871 679 1043 741 quietas
1073 690 1122 724 ut
1156 679 1425 726 Macedonia
1457 681 1536 727 ha·-

252 756 378 803 beret
396 789 410 807 ,
442 751 781 814 expeditionem
807 750 992 797 subitam
1014 750 1061 797 in
1086 751 1380 799 Oricinorum
1402 766 1537 817 atque
1559 775 1564 781 ·

252 823 620 888 Apolloniatium
647 821 757 868 fines
792 821 924 868 fecit:
958 822 1236 886 egressosque
1259 825 1536 886 Apollonia-

253 914 319 947 tas
338 936 352 958 ‚
388 916 490 946 cum
521 913 684 959 magno
713 909 883 942 terrore
917 907 1050 958 atque
1076 912 1274 957 pavore,
1312 897 1535 960 compulit

252 978 366 1024 intra
386 989 556 1021 muros.
587 970 777 1018 Vastatis
809 970 1029 1033 proximis
1051 969 1222 1034 Illyrici
1241 1007 1254 1028 ‚
1282 971 1328 1017 in
1348 972 1535 1034 Pelago-

252 1052 373 1099 niam
404 1048 558 1095 eadem
589 1046 811 1094 celeritate
842 1047 979 1092 vertit
1012 1044 1118 1091 iter:
1155 1044 1257 1090 inde
1285 1044 1533 1090 Dardano?-

251 1141 351 1170 rum
372 1119 553 1175 urbem,
576 1118 699 1164 fitam
717 1118 763 1163 in
782 1117 1074 1172 Macedonia,
1099 1116 1329 1161 tranfitum
1353 1117 1533 1179 Darda-

251 1194 322 1240 nis
345 1192 582 1249 facturam,
603 1192 734 1254 cepit.
769 1192 849 1238 His
867 1191 1028 1254 raptim
1050 1191 1182 1249 actis,
1205 1208 1380 1237 memor
1398 1192 1532 1238 AEto-

250 1265 326 1311 lici
353 1263 585 1326 junctique
617 1280 718 1310 cum
754 1279 810 1309 eo
835 1263 1028 1309 Romani
1059 1263 1191 1320 belli,
1230 1281 1308 1324 per
1341 1265 1531 1327 Pelago-

249 1338 368 1383 niam
381 1373 394 1395 ‚
417 1338 465 1384 &
483 1339 716 1400 Lyncum,
734 1336 990 1393 Bottiaeam‚
1010 1336 1054 1382 in
1071 1337 1333 1383 Thessaliam
1352 1337 1534 1384 descen-

251 1411 331 1457 dit.
354 1410 423 1456 Ad
443 1409 609 1456 bellum
631 1408 776 1456 secum
795 1410 1004 1457 adversus
1022 1410 1200 1457 AEtolos
1219 1411 1531 1473 capessendum
1560 1448 1571 1453 .-

249 1483 427 1531 incitari
446 1483 569 1546 pofi'e
594 1482 802 1529 homines
830 1481 1061 1530 credebat:
1084 1485 1153 1538 &‚
1177 1483 1333 1529 reliclo
1357 1483 1412 1528 ad
1433 1482 1532 1528 fau·-

249 1573 324 1604 ces
345 1557 386 1602 T
391 1557 579 1603 heffaliae
606 1555 764 1602 Perseo
794 1573 894 1603 cum
928 1569 1122 1619 quatuor
1152 1556 1347 1602 millibus
1383 1573 1530 1602 arma-

251 1641 401 1676 torum
439 1631 500 1676 ad>
517 1630 735 1677 arcendos
755 1630 874 1677 aditu
895 1630 1096 1687 AEmIos,
1127 1629 1216 1692 ipse
1234 1666 1244 1684 ‚
1275 1629 1529 1692 priusquam

247 1701 494 1763 majoribus
524 1714 821 1764 occuparetur
845 1704 1000 1759 rebus,
1029 1703 1071 1748 in
1098 1702 1407 1749 Macedoniam
1424 1737 1435 1759 ‚
1465 1711 1530 1747 at-

247 1792 337 1839 que
367 1777 470 1822 inde
502 1776 549 1821 in
567 1776 805 1823 Thraciam
836 1775 1084 1822 exercitum
1111 1792 1161 1823 ac
1184 1775 1355 1821 Maedos
1385 1773 1528 1820 duxit.

247 1851 480 1896 Incurrere
509 1864 560 1895 ea
590 1841 695 1912 gens
723 1848 766 1893 in
791 1848 1105 1895 Macedoniam
1136 1847 1263 1894 solita
1294 1859 1417 1901 erat;
1448 1845 1526 1891 ubi

249 1939 399 1987 regem
428 1935 698 1985 occupatum
729 1934 917 1968 externo
954 1921 1103 1978 bello,
1134 1938 1184 1967 ac
1212 1920 1301 1966 fine
1320 1919 1528 1982 praestdio

248 1997 332 2044 effe
356 2012 546 2059 regnum
577 1995 778 2042 sensisset.
813 1996 880 2040 Ad
900 1994 1178 2057 Phragandas
1198 1994 1337 2058 igitur
1357 1992 1527 2040 vastare

247 2086 415 2132 agros,
448 2069 499 2116 &
532 2069 687 2115 urbem
723 2066 1086 2131 Jamphorinam',
1126 2082 1258 2128 caput
1288 2083 1527 2129 arcemque

248 2142 480 2198 Maedicae,
497 2156 760 2203 oppugnare
777 2142 932 2203 coepit.
964 2142 1153 2202 Scopas,
1177 2141 1252 2186 ubi
1277 2140 1524 2201 profefium

247 2212 295 2258 in
315 2214 552 2261 Thraciam
584 2230 731 2277 regem
751 2250 765 2270 ,
788 2228 1151 2276 occupatumque
1171 2214 1233 2260 ibi
1252 2213 1374 2259 bello
1401 2214 1525 2258 audi-

247 2285 318 2332 vit
336 2321 350 2343 ,
370 2302 537 2333 armata
556 2288 681 2332 omni
701 2287 938 2349 juventute
961 2289 1219 2334 AEtolorum
1235 2323 1248 2345 ‚
1269 2287 1430 2332 bellum
1454 2286 1525 2332 in·-

247 2356 365 2403 ferre
381 2357 643 2404 Acarnaniae
668 2372 806 2419 parat.
838 2359 1066 2404 Adversus
1094 2358 1219 2420 quod
1238 2361 1523 2405 Acarnanum

248 2449 354 2496 gens
385 2433 437 2481 ὃ(
462 2431 634 2484 viribus
662 2432 804 2496 impar
822 2469 837 2493 ,
866 2435 916 2482 δε
935 2433 1022 2496 jam
1042 2433 1252 2482 OEniadas
1270 2433 1523 2498 Nasumque
1564 2471 1569 2478 .
