1628 2890
199 166 287 214 166
560 159 1118 205 TITILIVII

194 272 246 318 ὃ(
264 266 459 315 tumultu
479 263 634 311 audito
646 299 660 323 ,
681 263 727 309 in
745 262 1056 310 Dinomenem
1070 298 1085 321 ‚
1101 260 1190 324 jam
1208 262 1328 308 haud
1347 261 1479 309 dubie

195 341 475 396 obstantem,
509 339 599 384 tela
635 335 974 399 conjiciuntur:
1016 335 1130 383 inter
1167 353 1267 400 quae
1300 347 1480 396 tamen,

197 416 375 462 duobus
397 412 590 474 acceptis
608 411 894 469 vulneribus,
914 409 1068 457 evafit.
1085 414 1202 474 Fuga
1222 409 1451 457 satellitum
1466 446 1482 469 ,

197 501 247 534 ut
273 485 496 548 jacentem
537 484 692 531 videre
725 501 898 547 regem,
926 482 1037 529 fa&a
1070 482 1145 529 est.
1174 482 1481 531 interfefiores

196 575 299 623 pars
338 559 385 604 in
420 557 572 604 forum
607 558 663 603 ad
697 557 1030 604 multitudinem
1065 555 1210 602 laetam
1242 556 1482 614 libertate,

195 650 299 696 pars
326 630 565 696 Syracusas
594 642 812 694 pergunt,
839 629 892 676 ad
914 628 1277 692 praeoccupanda
1306 628 1482 674 Andra-

196 707 368 753 nodori
398 705 714 769 regiorumque
744 703 939 751 aiiorum
973 702 1170 749 consilia.
1200 705 1377 749 Incerto
1409 718 1483 747 re-

198 796 298 827 rum
318 780 452 837 statu,
473 780 557 841 Ap.
585 777 800 824 Claudius
815 814 830 834 ‚
854 775 1020 823 bellum
1048 776 1199 822 oriens
1217 793 1273 821 ex
1288 775 1482 838 propin-

199 870 297 918 quo
322 870 424 900 cum
445 863 670 910 cerneret,
704 851 898 897 senatum
921 849 1060 896 literis
1082 849 1324 897 certiorem
1343 847 1449 895 fecit
1468 881 1501 906 ‚-

200 925 398 973 Siciliam
426 923 778 987 Carthaginiensi
804 923 980 987 populo
1013 925 1063 971 &
1091 922 1334 970 Hannibali
1367 938 1482 968 con-

201 998 359 1046 ciliari.
389 997 480 1060 ipse
510 997 721 1045 adversus
750 997 1025 1062 Syracusana
1056 996 1270 1055 consilia,
1291 996 1484 1058 provin-

201 1072 347 1128 ciam,
392 1070 609 1133 regnique
648 1069 756 1116 fines
802 1070 953 1116 omnia
995 1069 1232 1116 convertit
1272 1068 1485 1132 praefidia.

200 1144 340 1191 Exitu
366 1142 473 1189 anni
501 1142 624 1205 ejus,
647 1143 711 1202 Q.
742 1143 900 1189 Fabius
933 1160 988 1189 ex
1017 1142 1280 1190 attstoritate
1310 1141 1486 1188 senatus

201 1216 444 1273 Puteolos,
475 1232 555 1278 per
585 1215 753 1261 bellum
790 1227 995 1278 coeptum
1027 1213 1300 1276 frequentari
1329 1230 1489 1276 empo-

201 1292 351 1347 rium,
392 1288 692 1347 communiit,
733 1288 1074 1351 praesidiumque
1110 1286 1338 1349 imposuit.
1384 1286 1488 1333 inde

201 1365 398 1410 Romam
427 1361 721 1409 comitiorum
741 1360 870 1408 causa
893 1361 1109 1419 veniens,
1129 1360 1178 1405 in
1206 1375 1333 1417 eum,
1353 1374 1487 1421 quem

200 1438 398 1502 primum
430 1437 546 1483 diem
581 1435 856 1484 comitialem
892 1435 1079 1493 habuit,
1107 1433 1293 1482 comitia
1320 1432 1488 1489 edixit3
1538 1446 1549 1451 ··

201 1522 335 1574 atque
366 1527 422 1557 ex
441 1509 597 1556 itinere
619 1521 781 1572 praeter
809 1509 967 1555 urbem
997 1507 1043 1554 in
1064 1524 1271 1570 campum
1305 1505 1488 1552 descen-

199 1584 281 1631 dit.
313 1585 382 1630 Eo
415 1583 485 1629 die
522 1600 623 1629 cum
650 1581 745 1629 sors
773 1582 1090 1646 praerogativae
1117 1579 1301 1627 Aniensi
1332 1578 1490 1640 junio·

200 1678 302 1707 rum
329 1659 509 1716 exisset,
529 1676 670 1723 eaque
696 1660 753 1706 T.
776 1658 1049 1714 Otacilium,
1068 1658 1133 1702 M.
1151 1655 1381 1702 AEmilium
1399 1654 1491 1700 Re-

201 1732 359 1796 gillum
396 1731 602 1779 consules
636 1731 833 1789 diceret³
863 1744 961 1776 tum
997 1731 1059 1789 Q.
1086 1728 1284 1784 Fabius,
1311 1725 1489 1773 silentio

201 1806 321 1854 {afsto
336 1842 350 1864 ‚
372 1805 451 1852 tali
474 1805 684 1851 oratione
704 1803 768 1850 est
787 1803 887 1850 usus
907 1820 920 1849 ε

267 1882 384 1927 VIII.
414 1883 467 1926 Si
500 1896 574 1926 aut
597 1899 743 1941 pacem
776 1881 821 1924 in
856 1881 1016 1935 Italia,
1046 1892 1121 1922 aut
1143 1879 1290 1922 bellum
1323 1894 1414 1921 cum
1445 1893 1491 1920 eo

202 1956 307 2022 lzqste
331 1958 566 2002 haberemus
581 1990 593 2008 ‚
613 1959 658 2001 irz
679 1973 757 2016 quo
779 1955 1035 2015 negligentiae
1066 1956 1211 1998 laxior
1235 1956 1349 1998 locus
1373 1948 1461 2014 effer
1472 1968 1493 2004 ;

204 2031 277 2089 qui
294 2028 594 2095 vestrisstudiis
602 2064 619 2085 ,
639 2046 726 2089 quae
745 2030 790 2073 in
810 2045 998 2087 campum
1017 2028 1076 2070 ad
1089 2027 1382 2080 mandandos,
1401 2025 1491 2083 qui-

205 2104 283 2147 bus
304 2105 438 2148 velitis
452 2137 469 2158 ‚
491 2103 662 2148 honores
693 2101 877 2165 affinis,
897 2118 1054 2145 moram
1086 2103 1217 2144 ullam
1243 2096 1426 2160 qffi’rret,
1454 2098 1492 2139 is

205 2179 311 2221 milzi
335 2196 489 2236 parum
519 2175 746 2239 meminiffi
780 2177 982 2220 videretur
1008 2173 1137 2238 vestrae
1169 2173 1383 2216 libertatis.
1408 2169 1492 2230 fid

206 2266 297 2293 cum
318 2251 363 2293 in
382 2251 457 2293 lzoc
485 2250 614 2306 hello,
640 2251 686 2293 in
712 2250 788 2294 hoc
806 2248 939 2314 lzoste,
959 2263 1172 2305 numquam
1197 2246 1249 2288 ab
1277 2245 1363 2288 ullo
1393 2244 1492 2287 duce

194 2319 289 2385 fine
316 2323 472 2382 ingenti
492 2321 624 2387 nostra
655 2322 770 2365 clade
788 2335 963 2364 erratum
982 2317 1064 2380 sit,
1090 2320 1229 2362 eadem
1257 2333 1332 2361 vos
1359 2333 1457 2360 cura
1477 2348 1492 2370 ‚

208 2412 291 2456 qua
319 2397 365 2440 in
389 2398 516 2441 aciem
547 2397 699 2440 armati
731 2395 973 2454 deflenditis
988 2427 1005 2448 ,
1033 2394 1134 2437 inire
1149 2389 1404 2454 suffragium
1434 2389 1498 2433 ad

206 2461 406 2515 creandos
420 2468 602 2529 confides
619 2470 753 2526 decet,
766 2464 808 2513 δ’
816 2465 970 2531 fibific
987 2483 1175 2526 quemque
1193 2466 1319 2509 dicere
1331 2478 1347 2507 .·
1359 2463 1489 2507 Hm-

1608 2263 1614 2475 ἰ

1606 2498 1613 2812 f
