1628 2890
219 109 282 179 '56
569 100 1135 152 T1T1L1V11

216 216 346 264 stium
365 251 379 273 ‚
408 212 524 260 haud
556 211 679 257 secus
701 226 834 273 quam
855 208 929 254 sua
944 243 957 263 ‚
978 220 1087 254 nota
1107 217 1261 254 erant:
1282 204 1507 256 dissimiles

216 285 528 347 discordesque
547 281 830 344 imperitare,
850 280 956 326 duas
975 296 1119 341 prope
1140 290 1286 341 partes
1304 278 1507 326 tironum

216 362 412 411 militum
442 360 486 402 in
508 357 707 402 exercitu
732 355 830 402 effe.
865 357 1044 417 Itaque,
1075 353 1229 399 locum
1257 354 1307 399 &
1330 364 1507 415 tempus

218 432 387 482 infidiis
414 444 566 493 aptum
595 429 636 475 se
656 430 818 475 habere
838 440 960 474 ratus
977 463 989 484 ‚
1011 426 1145 472 noste
1165 426 1373 488 proxima
1393 423 1508 471 nihil

218 517 382 567 praeter
413 520 533 549 arma
559 501 751 548 ferentes
777 499 924 546 secum
955 499 1118 545 milites
1146 498 1311 545 ducens
1331 534 1346 555 ,
1370 497 1508 544 castra

216 578 350 640 plena
369 576 518 623 omnis
535 575 729 621 fortunae
750 575 943 637 publicae
967 574 1244 636 privataeque
1263 571 1508 634 relinquit;

217 649 428 713 transque
456 648 692 712 proximos
713 662 891 695 montes
921 647 1038 692 laeva
1068 646 1239 709 pedites
1269 645 1508 692 instriffitos

218 721 406 777 condit,
431 722 585 766 dextra
619 721 817 783 equites,
850 720 1170 782 impedimenta
1206 735 1285 781 per
1316 717 1508 764 conval-

218 794 309 840 lem
324 829 336 851 ‚
360 795 554 839 medium
578 810 735 857 agmen
751 829 763 849 ,
782 793 975 838 traducit
994 811 1003 838 :
1025 805 1073 837 ut
1094 791 1354 855 diripiendis
1381 791 1510 838 velut

219 867 400 914 desertis
433 867 535 931 fuga
565 868 856 913 dominorum
888 866 1033 913 castris
1060 877 1332 928 occupatum
1364 865 1510 928 impe-

217 942 451 1004 ditumque
486 941 657 988 hostem
686 942 977 1004 opprimeret.
1008 939 1172 986 Crebri
1204 938 1343 985 reliffi
1365 939 1408 984 in
1431 955 1510 985 ca-

218 1015 316 1062 stris
335 1015 457 1079 ignes
472 1051 485 1073 ,
506 1029 557 1061 ut
578 1014 685 1063 fides
702 1014 858 1071 fieret,
881 1016 986 1060 dum
1010 1013 1099 1075 ipse
1121 1013 1301 1076 longius
1320 1012 1512 1075 spatium

218 1087 326 1152 fuga
370 1089 663 1152 praeciperet‚
699 1088 802 1135 salsa
842 1088 1034 1151 imagine
1077 1087 1325 1134 castrorum
1362 1085 1514 1149 (sicut

215 1161 403 1210 ,Fabium
422 1162 573 1224 priore
593 1179 713 1210 anno
735 1161 964 1209 frustratus
995 1159 1132 1224 effer)
1156 1173 1308 1206 tenere
1329 1159 1374 1205 in
1395 1158 1511 1206 locis

217 1234 428 1281 consules
459 1236 666 1282 voluiffe;

304 1308 439 1354 Xffl.
485 1308 576 1354 Ubi
613 1307 790 1365 illuxit,
825 1309 1047 1354 subdufiae
1088 1307 1238 1369 primo
1271 1304 1515 1363 stationes}

223 1380 386 1426 deinde
413 1383 600 1442 propius
630 1382 898 1428 adeuntibus
926 1381 1157 1426 insolitum
1183 1378 1405 1424 silentium
1435 1379 1514 1424 ad-

221 1452 508 1498 mirationem
532 1453 651 1500 fecit.
682 1455 773 1500 Jam
794 1454 891 1499 satis
912 1465 1147 1513 comperta
1169 1451 1413 1497 solitudine
1428 1487 1444 1507 ,
1463 1450 1512 1495 in
1563 1445 1567 1449 ⁴

219 1524 374 1571 castris
407 1526 653 1572 concursus
682 1526 732 1571 fit
766 1527 821 1572 ad
854 1526 1064 1588 praetoria
1099 1525 1335 1571 consulum
1355 1559 1367 1579 ,
1392 1541 1513 1568 nun-

220 1597 430 1644 tiantium
460 1598 608 1659 fugam
640 1598 832 1645 hostium
856 1601 969 1644 adeo
990 1598 1208 1658 trepidam
1226 1632 1239 1652 ‚
1261 1607 1342 1654 ut,
1365 1595 1514 1641 tabet·-

221 1671 396 1717 naculis
427 1671 668 1727 stantibus,
697 1671 836 1716 castra
866 1672 1162 1734 reliquerint:
1193 1685 1377 1732 quoque
1411 1668 1514 1731 fuga

220 1742 461 1789 obscurior
490 1743 593 1789 effet
611 1780 624 1799 ‚
645 1744 830 1789 crebros
856 1744 985 1789 etiam
1014 1744 1194 1788 relidios
1228 1742 1364 1804 ignes.
1402 1741 1516 1786 Cla-

221 1833 325 1863 mor
350 1817 453 1863 inde
479 1834 636 1872 ortus,
659 1832 707 1862 ut
735 1817 852 1880 signa
880 1816 1076 1879 proferri
1103 1816 1340 1878 juberent,
1375 1816 1516 1861 duce-

222 1904 411 1954 rentque
433 1891 487 1937 ad
507 1891 836 1954 persequendos
857 1889 1006 1936 hostes
1025 1926 1038 1947 ‚
1060 1908 1110 1938 ac
1141 1890 1347 1953 protinus
1379 1888 1519 1935 castra

223 1965 490 2027 diripienda.
521 1967 577 2010 Et
606 1964 762 2010 consul
795 1964 905 2010 alter
942 1963 1069 2010 velut
1088 1980 1205 2009 unus
1224 1963 1369 2008 turbae
1396 1961 1519 2008 mili-

224 2037 332 2083 taris
353 2048 460 2082 erat.
488 2035 665 2083 Paullus
686 2036 817 2081 etiam
846 2048 978 2098 atque
996 2035 1130 2082 etiam
1160 2033 1517 2096 dicere,'provi-

223 2108 424 2154 dendum
447 2109 885 2169 praecavendumque
906 2107 1003 2154 effe.
1031 2106 1263 2169 postremo
1281 2142 1296 2164 ,
1317 2122 1419 2153 cum
1440 2105 1520 2152 ali-

225 2191 297 2226 ter
314 2197 461 2243 neque
484 2180 749 2226 seditionem
783 2196 928 2241 neque
949 2181 1106 2227 ducem
1138 2178 1370 2225 seditionis
1390 2176 1517 2224 susti-

227 2270 335 2300 nere
360 2253 526 2314 posset,
549 2254 743 2299 Marium
765 2253 984 2299 Statilium
1012 2252 1270 2315 praefectum
1301 2268 1403 2297 cum
1422 2261 1520 2297 tur-

225 2342 302 2372 ma
346 2326 525 2371 Lucana
564 2325 849 2385 exploratum
889 2324 1041 2371 mittit.
1077 2324 1189 2386 qui,
1221 2322 1298 2368 ubi
1331 2319 1520 2383 adequi-

228 2395 345 2447 tavit
387 2396 532 2461 portis
551 2432 567 2454 ,
603 2396 828 2443 subsistere
868 2409 996 2444 extra
1040 2395 1320 2444 munimenta
1359 2393 1518 2443 ceteris
