1628 2890
252 191 811 245 HISTORIARUM
854 191 975 236 LIB.
1010 189 1212 236 XXIV.
1282 204 1368 234 221

92 302 369 367 principibus
387 300 514 347 datos
526 299 698 354 Poeno,
714 307 870 358 captos
888 293 1207 358 oppressosque
1225 310 1376 356 apau-

91 378 156 425 cis
183 376 281 423 esse.
322 374 458 420 Initio
490 384 625 430 orto,
664 371 815 433 plures
850 386 951 415 cum
989 367 1191 431 pluribus
1227 367 1377 414 collo-

90 451 184 515 qui.
214 448 443 512 postremo
470 457 639 508 praetor
658 443 854 505 Arpinus
874 443 930 488 ab
956 441 1118 488 suis-ad
1146 440 1378 489 consulem

92 523 331 578 deduelus3
360 518 538 582 fideque
571 518 671 564 data
704 516 820 562 inter
846 516 966 579 signa
986 515 1213 578 aciesque,
1241 514 1379 576 Arpi-

91 596 143 642 ni
170 606 352 657 repente
382 610 468 656 pro
490 588 706 638 Romanis
732 587 942 635 adversus
964 583 1380 648 Carthaginiensem

92 685 215 716 arma
242 677 490 713 verterunt.
528 660 713 725 Hispani
734 677 920 724 quoque
941 658 1080 722 paulo
1109 658 1256 704 minus
1278 656 1382 703 mil-

89 740 137 787 le
169 739 409 797 homines,
449 735 561 785 nihil
602 745 819 796 praeterea
856 749 957 778 cum
1004 730 1187 778 consule
1228 729 1381 792 pacti,

93 830 231 876 quam
264 824 315 859 ut
350 811 441 858 fine
475 808 630 856 fraude
669 806 888 869 Punicum
918 804 1196 851 emitteretur
1231 803 1382 865 praesi-

95 886 223 932 dium
241 922 255 944 ,
281 884 336 931 ad
368 882 597 932 consulem
628 878 947 926 transtulerunt
969 877 1102 940 figna.
1143 874 1383 937 Carthagi-

95 959 322 1007 nienfibus
349 969 493 1021 portae
526 953 755 1019 patefaclae
772 989 786 1013 3
808 951 1037 1014 emiffique
1064 966 1166 996 cum
1200 948 1286 995 fide
1312 950 1384 995 in-

96 1033 300 1080 columes
331 1031 383 1076 ad
419 1026 719 1075 Hannibalem
751 1024 971 1087 Salapiam
1003 1031 1240 1070 venerunt.
1268 1021 1384 1084 Arpi

97 1106 190 1151 sine
221 1104 344 1151 clade
376 1103 542 1160 ullius,
578 1112 874 1163 praeterquam
909 1095 1044 1143 unius
1073 1093 1239 1142 veteris
1271 1109 1384 1156 pro·

99 1178 259 1224 ditoris
273 1215 286 1233 ,
307 1176 422 1222 novi
442 1173 662 1238 perfugae,
680 1171 869 1219 restituti
885 1171 940 1218 ad
958 1170 1209 1216 Romanos.
1227 1166 1385 1229 Hispa-

99 1248 169 1296 nis
190 1248 386 1312 duplicia
408 1246 575 1294 cibaria
594 1244 689 1291 dari
706 1242 843 1306 juffa:
868 1258 1097 1305 operaque
1114 1256 1274 1287 eorum
1290 1239 1387 1287 for-

79 1321 137 1368 ¹ti
159 1338 210 1368 ac
241 1319 361 1366 fideli
393 1317 590 1381 persaepe
622 1314 872 1378 respublica
900 1313 974 1360 usa
1010 1312 1084 1358 est.
1123 1312 1242 1359 Cum
1269 1327 1388 1359 con-

99 1392 166 1440 sul
199 1392 310 1438 alter
331 1391 378 1436 in
402 1389 588 1452 Apulia,
617 1388 727 1435 alter
755 1387 802 1433 in
827 1385 1019 1433 Lucanis
1050 1385 1183 1441 effet3
1216 1384 1388 1448 equites

101 1478 284 1516 centum
307 1481 357 1512 ac
376 1462 615 1510 duodecim
635 1462 810 1509 nobiles
828 1459 1049 1522 Campani
1064 1495 1077 1515 ,
1097 1475 1177 1522 per
1196 1459 1388 1522 speciem

102 1540 332 1606 praedandi
351 1556 408 1586 ex
437 1538 631 1586 hostium
651 1552 791 1600 agro,
819 1533 1031 1598 permiffu
1052 1532 1388 1597 magistratuum

102 1616 161 1662 ab
180 1615 340 1677 Capua
365 1611 555 1676 profeffi
573 1647 586 1671 ‚
616 1612 672 1658 ad
704 1609 840 1657 castra
865 1610 1097 1664 Romana,
1128 1622 1229 1669 quae
1256 1604 1390 1668 super

103 1688 343 1735 Suessulam
373 1697 527 1744 erant,
565 1698 803 1733 venerunt.
840 1680 1022 1728 stationi
1052 1679 1280 1735 militum,
1311 1679 1391 1741 qui

104 1759 271 1818 efferit,
305 1758 544 1813 dixerunt3
574 1755 778 1820 colloqui
801 1753 886 1801 sese
907 1769 1010 1798 cum
1036 1763 1232 1814 praetore
1256 1750 1391 1799 velle.

106 1831 197 1878 Cn.
213 1830 399 1877 Fulvius
423 1829 572 1876 castris
597 1839 808 1891 praeerat:
833 1825 906 1872 cui
931 1823 1010 1870 ubi
1037 1824 1289 1869 nuntiatum
1308 1822 1392 1878 est,

104 1907 263 1952 decem
297 1922 354 1951 ex
389 1921 444 1950 eo
485 1921 673 1950 numero
706 1902 824 1966 juffis
859 1898 1106 1946 inermibus
1140 1897 1299 1944 deduci
1335 1897 1392 1943 ad

100 1976 151 2024 se
169 2014 184 2036 ‚
215 1976 322 2034 ubi,
353 1993 453 2039 quae
482 1976 790 2038 postularent,
819 1972 995 2019 audivit
1013 2005 1026 2027 ,
1063 1971 1204 2032 (nihil
1241 1981 1392 2016 autem

108 2051 231 2099 aliud
260 2051 502 2113 petebant,
532 2061 666 2111 quam
695 2060 770 2106 ut,
791 2048 947 2109 Capua
967 2061 1171 2107 recepta,
1198 2044 1320 2088 bona
1339 2041 1395 2088 fi-

108 2124 157 2171 bi
182 2123 542 2182 restituerentur)
563 2122 610 2168 in
629 2119 761 2167 fidem
783 2136 941 2165 omnes
962 2118 1149 2180 accepti.
1176 2119 1231 2161 Et
1249 2115 1304 2161 ab
1327 2115 1394 2160 al-

109 2208 211 2243 tero
243 2209 435 2258 praetore
456 2193 729 2257 Sempronio
749 2191 982 2238 Tuditano
1013 2189 1231 2252 oppidum
1259 2190 1398 2234 Ater-

109 2286 219 2316 num
246 2279 562 2331 expugnatum.
591 2264 780 2328 amplius
805 2264 970 2326 septem
992 2263 1131 2309 millia
1156 2260 1393 2307 hominum

41 2374 46 2379 -
109 2354 268 2405 capta,
301 2341 352 2388 &
372 2340 468 2387 aeris
499 2338 762 2404 argentique
783 2336 939 2401 fignati
968 2335 1258 2398 aliquantum.
1295 2336 1393 2378 Ro-

109 2433 197 2462 mae
231 2414 401 2461 foedum
442 2413 700 2459 incendium
731 2427 810 2474 per
849 2410 955 2456 duas
994 2409 1148 2456 noete-0.
1187 2424 1238 2453 ac
1277 2406 1392 2451 diem

113 2503 254 2535 unum
293 2485 467 2535 tenuit:
500 2485 599 2533 solo
628 2496 799 2550 aequata
824 2482 978 2531 omnia
1001 2481 1118 2528 inter
1148 2479 1315 2525 Salinas
1345 2492 1396 2522 ac
