1628 2890
249 141 802 189 HISTORIARUM
844 143 970 189 LIB.
1015 143 1200 189 XXIV.
1280 159 1365 204 203

87 251 250 316 quibus
280 269 355 310 ea,
387 250 488 314 quae
516 251 662 297 hostes
689 250 858 314 ingenti
894 250 1014 296 mole
1037 262 1245 314 agerent,
1273 249 1366 313 ipse

88 324 263 386 perlevi
298 338 533 369 momento
569 321 884 369 ludificaretur.
930 324 1112 369 Murum
1148 340 1226 386 per
1259 322 1371 368 inae-

90 394 243 459 quales
277 395 454 442 dudum
493 394 661 452 colles,
693 393 937 457 (pleraque
972 394 1057 440 alta
1094 396 1144 442 &
1173 394 1373 442 difficilia

89 468 245 525 aditu,
283 467 481 514 submissa
522 467 724 530 quaedam
746 502 760 523 ,
798 468 847 513 &
878 483 978 529 quae
1002 467 1145 528 planis
1178 468 1374 515 vallibus

89 541 202 586 adiri
239 541 445 603 possent)
480 550 528 585 ut
562 537 727 601 cuique
762 550 912 599 aptum
949 537 1094 584 visum
1130 539 1191 585 est
1227 540 1373 598 loco,

88 612 151 658 ita
180 613 307 658 omni
338 628 498 676 genere
532 622 862 657 tormentorum
893 609 1111 657 instruxit.
1147 613 1374 659 Achradi-

91 701 161 730 nae
191 703 394 742 murum,
432 684 544 748 qui,
582 695 631 730 ut
652 694 754 739 ante
782 681 947 728 digium
977 682 1067 738 est,
1101 684 1211 730 mari
1240 684 1377 731 allui-⁴

90 768 163 803 tur
178 793 191 815 ‚
221 775 275 804 ex
298 756 692 821 quinqueremibus
711 754 951 800 Marcellus
971 757 1274 820 oppugnabat.
1303 760 1375 805 Ex

93 832 251 879 ceteris
283 831 472 878 navibus
500 828 709 893 sagittarii
734 827 1071 890 funditoresque
1091 864 1104 886 ,
1141 831 1190 876 &
1212 830 1374 877 velites

92 902 222 949 etiam
240 939 254 961 ,
272 919 467 966 quorum
493 901 630 947 telum
653 899 847 945 inhabile
865 899 918 944 ad
948 899 1261 946 remittendum
1281 901 1374 947 im-

91 975 244 1038 peritis
271 974 359 1030 est,
391 973 472 1018 vix
500 989 767 1034 quemquam
799 971 889 1017 fine
916 971 1104 1018 vulnere
1133 973 1374 1021 consistere

89 1045 136 1088 in
158 1060 288 1091 muro
309 1042 601 1105 patiebantur.
624 1040 705 1099 Hi,
722 1040 826 1104 quia
845 1041 989 1103 spatio
1007 1041 1234 1091 miffilibus
1254 1060 1377 1107 opus·

90 1115 179 1174 est,
208 1116 370 1178 procul
400 1131 532 1162 muro
558 1115 767 1162 tenebant
799 1130 950 1159 naves,
998 1113 1158 1173 junctae
1187 1117 1285 1163 aliae
1304 1118 1375 1164 bii

89 1205 160 1233 nae
194 1188 249 1234 ad
278 1187 653 1251 quinqueremes,
686 1185 844 1232 demtis
876 1185 1169 1234 interioribus
1202 1190 1371 1250 remis,

90 1271 140 1306 ut
169 1260 282 1307 latus
314 1259 441 1306 lateri
469 1260 791 1322 applicaretur,
830 1275 930 1305 cum
960 1259 1186 1308 exteriore
1209 1263 1372 1310 ordine

87 1349 314 1378 remorum
346 1332 472 1379 velut
507 1348 644 1378 naves
676 1342 940 1395 agerentur,
971 1342 1115 1379 turres
1146 1336 1372 1382 contabu-

88 1408 198 1454 latas
230 1409 675 1471 machinamentaque
704 1407 788 1454 alia
818 1406 1069 1470 quatiendis
1100 1410 1238 1457 muris
1263 1428 1374 1474 por-

88 1480 256 1527 tabant.
286 1480 509 1529 Adversus
541 1480 660 1526 hunc
690 1479 893 1526 navalem
922 1491 1181 1542 apparatum
1206 1483 1372 1529 Archi-

90 1551 239 1598 medes
257 1552 394 1598 variae
413 1550 730 1615 magnitudinis
749 1563 974 1598 tormenta
993 1551 1039 1597 in
1060 1552 1197 1603 muris
1217 1553 1373 1616 dispo-

90 1624 188 1671 suit.
226 1625 271 1671 in
299 1641 397 1683 eas,
428 1642 528 1689 quae
557 1625 715 1687 procul
740 1636 892 1681 erant,
922 1641 1060 1672 naves
1077 1624 1180 1672 saxa
1199 1626 1373 1690 ingenti

89 1697 291 1758 pondere
331 1697 559 1743 emittebat
579 1714 593 1743 ε
630 1695 866 1759 propiores
900 1696 1183 1757 levioribus,
1219 1715 1370 1762 eoque

89 1769 226 1833 magis
247 1769 414 1817 crebris
430 1806 444 1828 ,
463 1770 640 1832 petebat
666 1769 791 1816 telis:
818 1768 1049 1832 postremo
1066 1806 1079 1829 ,
1101 1782 1151 1817 ut
1178 1770 1243 1817 sui
1261 1773 1372 1819 vul--v

89 1857 194 1888 nere
218 1840 369 1887 intacti
404 1840 490 1887 tela
516 1840 562 1886 in
597 1841 767 1887 hostem
793 1840 1070 1903 ingererent,
1104 1857 1280 1889 murum
1311 1844 1369 1890 ab

89 1912 184 1959 imo
215 1912 270 1958 ad
299 1911 518 1959 summum
547 1913 711 1960 crebris
729 1912 992 1959 cubitalibus
1011 1912 1102 1959 fere
1121 1914 1243 1960 cavis
1262 1931 1370 1976 ape-

90 1985 213 2040 ruit3
251 2001 328 2047 per
359 2001 460 2048 quae
494 2002 606 2032 cava
637 2003 735 2048 pars
765 1985 954 2049 sagittis,
986 1988 1085 2048 pars
1112 1985 1372 2048 scorpioni-r*

88 2058 171 2106 bus
189 2058 380 2104 modicis
398 2075 452 2104 ex
475 2059 660 2105 occulto
682 2059 892 2121 petebant
913 2058 1100 2104 hostem,
1121 2059 1237 2117 Quae
1256 2074 1370 2120 pro-

87 2132 190 2194 pius
216 2132 420 2194 quaedam
449 2124 651 2178 subibant
685 2148 850 2190 naves,
878 2148 973 2194 quo
1004 2131 1238 2179 interiores
1267 2131 1370 2178 iffi-

88 2205 171 2251 bus
204 2217 536 2251 tormentorum
569 2204 704 2250 effent
724 2240 737 2262 ‚
772 2204 820 2250 in
854 2221 926 2252 eas
961 2203 1196 2250 tollenone
1234 2203 1369 2266 super.

89 2294 268 2324 murum
297 2278 520 2324 eminente
550 2278 689 2324 ferrea
722 2295 876 2325 manus
911 2276 1052 2324 firmae
1082 2289 1246 2325 catenae
1272 2277 1368 2324 illia.

90 2360 190 2414 gata
227 2366 328 2395 cum
363 2349 522 2410 injecta
560 2367 708 2412 prorae
748 2350 884 2407 effet,
925 2349 1053 2414 gravi
1095 2349 1367 2397 libramento

91 2421 263 2486 plumbi
293 2423 530 2472 recellente
558 2424 611 2472 ad
643 2423 812 2483 solum,
848 2422 1046 2487 suspensa
1081 2439 1216 2487 prora
1237 2458 1251 2479 ,
1282 2436 1369 2469 naa
