1628 2890
279 127 819 176 HISTORIARUM
862 130 985 177 LIB.
1020 129 1232 177 XXVII.
1301 129 1391 193 381

120 232 403 291 habitarent,
441 249 538 281 non
573 233 682 292 effe,
717 233 896 282 Acerris
930 251 987 282 ex
1022 247 1147 298 parte
1181 235 1395 295 incensis,

117 305 314 353 Nuceria
336 306 506 364 deleta,
532 307 724 353 Romam
746 306 931 353 Fulvius
957 307 1012 354 ad
1044 307 1242 355 senatum
1267 309 1396 360 mifit.

119 378 358 424 Acerranis
392 378 674 441 permissum,
705 390 755 425 ut
773 378 1070 439 aedificarent,
1096 397 1196 443 quae
1218 380 1398 429 incensa

118 462 262 497 erant:
286 451 506 499 Nucerini
528 452 717 498 Atellam
731 486 746 508 ‚
763 451 867 516 quia
885 452 931 498 id
950 454 1221 512 maluerant,
1247 452 1398 517 (Atel-

117 524 231 571 lanis
266 524 481 571 Calatiam
509 525 696 588 migrare
725 524 881 590 juffis)
909 526 1108 574 traducti.
1139 528 1259 573 Inter
1277 526 1395 573 mul-

116 609 183 646 tas
203 598 470 662 magnasque
489 615 585 657 res,
612 615 738 661 quae,
769 615 891 646 nunc
910 599 1140 659 secundae,
1171 615 1294 647 nunc
1316 600 1396 646 ad-

117 671 256 720 versae
270 708 284 730 ,
314 671 596 735 occupabant
616 671 916 734 cogitationes
940 671 1176 718 hominum
1191 706 1206 728 ‚
1227 688 1284 718 ne
1302 674 1395 719 Ta-

116 744 306 791 rentinae
340 744 518 808 quidem
554 743 666 792 arcis
700 743 869 791 excidit
895 743 1121 790 memoria.
1156 746 1222 791 M.
1252 744 1409 808 Ogul-v

118 818 224 865 nius
255 820 304 866 ὅ(
328 820 372 867 Ρ.
395 818 615 879 Aquillius
642 817 688 865 in
713 817 931 864 Etruriam
954 818 1086 882 legati
1114 818 1169 864 ad
1193 817 1395 864 frumen·-

120 903 215 938 tum
238 891 557 949 coemendum,
578 891 702 954 quod
722 892 968 938 Tarentum
986 902 1260 953 portaretur,
1283 906 1395 953 pro-

117 963 249 1011 fecti:
278 963 464 1012 &mille
493 963 655 1010 milites
678 963 732 1010 de
762 964 963 1012 exercitu
984 964 1159 1011 urbano
1175 1000 1189 1024 ,
1210 981 1290 1027 par
1306 982 1393 1011 nu·-

116 1054 265 1086 merus
284 1038 594 1084 Rornanorum
615 1036 932 1102 sociorumque
948 1073 962 1098 ,
985 1037 1145 1085 eodem
1172 1037 1219 1085 in
1246 1038 1392 1102 praesz-

116 1111 239 1158 dium
258 1129 358 1159 cum
379 1112 609 1158 frumento
630 1110 742 1159 miffi
764 1111 879 1160 sunt.

181 1188 259 1232 IV.
280 1187 372 1233 Jam
391 1186 507 1232 aestas
528 1185 572 1232 in
591 1186 714 1233 exitu
734 1199 850 1245 erat,
878 1186 1258 1250 comitiorumque
1281 1203 1393 1234 con—

115 1259 326 1310 sularium
359 1259 546 1307 instabat
574 1271 763 1323 tempus.
789 1260 862 1306 sed
891 1260 1030 1307 literae
1058 1260 1291 1318 Marcelli,
1314 1278 1397 1307 ne·-

114 1332 256 1398 gantis
282 1349 307 1378 e
333 1332 557 1394 republica
585 1331 668 1379 effe
686 1369 699 1391 ,
721 1330 960 1395 vestigium
988 1331 1160 1379 abscedi
1191 1332 1246 1379 ab
1271 1334 1401 1378 Han-'

118 1405 265 1452 nibale
284 1441 298 1463 ‚
335 1405 407 1452 cui
436 1404 611 1452 cedenti
651 1416 964 1468 certamenque
996 1403 1211 1451 abnuenti
1245 1406 1394 1468 gravis

115 1476 209 1540 ipse
237 1476 415 1524 instaret
431 1513 444 1535 ‚
481 1494 630 1524 curam
663 1476 936 1539 injecerant,
961 1493 1017 1523 ne
1039 1488 1114 1523 aut
1138 1476 1394 1534 consulem,

115 1562 213 1597 tum
241 1550 431 1597 maxime
459 1567 528 1596 res
549 1566 780 1614 agentem,
814 1568 839 1598 a
867 1549 988 1596 bello
1018 1561 1292 1608 avocarent,
1318 1563 1395 1596 aut

115 1621 165 1670 in
193 1641 357 1670 annum
383 1623 587 1671 consules
622 1623 824 1669 deessent.
858 1621 1097 1684 Optimum
1122 1619 1269 1668 visum
1300 1621 1393 1679 est,

113 1712 369 1760 quanquam
390 1711 516 1743 extra
534 1696 701 1744 Italiam
719 1695 843 1753 esset,
863 1693 1094 1741 Valerium
1112 1693 1261 1755 potius
1281 1709 1395 1740 con-

114 1769 254 1817 sulem
281 1787 338 1816 ex
369 1770 517 1817 Sicilia
549 1767 773 1815 revocari.
801 1767 873 1814 Ad
899 1784 1001 1814 eum
1029 1765 1169 1812 literae
1197 1764 1311 1828 jussu
1331 1765 1394 1812 se-

114 1858 248 1890 natus
281 1843 336 1890 ab
360 1845 406 1890 L.
441 1843 614 1890 Manlio
643 1854 835 1906 praetore
866 1841 988 1888 urbis
1011 1839 1174 1896 missae,
1212 1857 1314 1887 cum
1336 1840 1392 1886 li-

113 1917 221 1964 teris
241 1916 432 1963 consulis
458 1918 519 1963 M.
540 1916 768 1964 Marcelli:
800 1927 852 1963 ut
876 1930 933 1962 ex
955 1914 1008 1961 iis
1035 1913 1267 1970 nosceret,
1293 1928 1393 1976 quae

113 1990 243 2037 causa
261 1990 460 2037 Patribus
493 2008 595 2038 eum
613 1991 764 2054 potius
782 2027 796 2048 ‚
825 2005 958 2054 quam
987 1987 1233 2050 collegam,
1259 2001 1394 2032 revo-

111 2063 245 2109 candi
265 2080 319 2109 ex
343 2063 582 2125 provincia
602 2065 718 2110 effet.
749 2066 817 2110 Eo
847 2061 938 2108 fere
960 2075 1166 2123 tempore
1187 2058 1319 2120 lega-ti
1338 2057 1393 2104 ab

114 2148 218 2196 rege
245 2135 450 2198 Syphace
478 2138 673 2183 Romam
700 2145 953 2192 venerunt,
985 2149 1086 2194 quae
1118 2130 1155 2176 is
1187 2129 1394 2192 prospera

114 2210 280 2268 proelia
311 2226 415 2256 cum
448 2208 884 2273 Carthaginiensibus
915 2204 1108 2261 fecisset,
1136 2217 1394 2248 memoram-

117 2299 197 2333 tes.
228 2287 376 2347 Regem
397 2304 469 2331 nec
488 2287 757 2330 inimiciorem
775 2284 851 2328 ulli
869 2285 1030 2342 populo
1045 2313 1059 2335 ,
1078 2295 1201 2338 quam
1222 2278 1397 2323 Cartha·

115 2358 317 2422 ginienst,
348 2377 418 2403 nec
438 2359 669 2402 amiciorem
685 2390 698 2413 ‚
728 2373 850 2416 quam
872 2355 1096 2406 Romano,
1122 2347 1399 2396 affirmabant

114 2430 199 2496 cffi’.
229 2430 374 2496 mg'fiffiz
404 2449 494 2478 eum
517 2447 640 2480 antea
672 2434 826 2492 legatos
858 2429 905 2474 in
934 2425 1197 2488 Hispaniam
1227 2424 1287 2470 ad
1319 2422 1394 2468 Cn.
