1628 2890
235 187 633 239 HISTORIA
657 185 755 231 Ru
782 185 831 229 M
872 183 1010 228 ΜΒ.
1046 180 1215 227 xxv,
1319 197 1408 243 249

122 296 329 363 periculo
347 294 582 342 fortiffima
601 292 768 340 cohors
783 291 1011 338 sociorum
1030 289 1078 337 δε
1099 287 1268 337 civium
1287 287 1409 352 legio

122 373 242 420 efi‘et.
278 375 427 435 Itaque
454 386 539 433 pro
566 369 606 415 se
627 367 815 431 quisque
836 381 994 412 omnes
1022 380 1101 427 per
1129 380 1255 428 aequa
1279 377 1413 428 atque

122 445 276 508 iniqua
307 445 439 500 loca,
467 460 568 490 cum
602 441 800 503 undique
833 439 919 485 tela
950 437 1313 499 conjicerentur,
1340 454 1413 484 ar-

121 532 283 580 maque
317 517 368 562 &
399 531 595 578 corpora
629 512 778 559 hostes
811 510 1096 573 objicerent,
1128 510 1415 573 pervadunt,

125 589 485 652 irrumpuntque.
521 585 653 634 multi
690 584 941 642 vulnerati,
971 583 1105 630 etiam
1143 599 1260 647 quos
1293 583 1414 631 vires

124 663 386 728 sanguisque
404 661 648 717 desereret,
669 675 719 706 ut
741 660 854 706 intra
878 658 1048 704 vallum
1067 657 1263 703 hostium
1285 657 1414 704 cade-

123 747 251 794 rent,
271 734 539 781 nitebantur.
570 733 716 795 Capta
734 732 884 795 itaque
909 742 1147 777 momento
1170 730 1415 793 temporis,

124 810 251 856 velut
284 810 329 855 in
363 808 500 871 plano
531 806 637 864 sita,
671 821 754 852 nec
791 805 1044 867 permunita
1077 802 1226 851 castra.
1258 803 1415 852 Caedes

123 882 258 940 inde,
281 899 377 929 non
407 880 494 942 jam
524 896 673 942 pugna
708 890 831 936 erat,
857 876 1068 924 omnibus
1099 875 1214 922 intra
1244 877 1415 924 vallum

125 954 374 1018 permixtis.
411 952 537 1016 supra
571 950 644 998 sex
674 951 812 998 millia
843 949 1039 997 hostium
1073 949 1247 1007 occisa,
1283 949 1415 1012 supra

125 1027 290 1089 septem
316 1025 456 1073 millia
474 1024 669 1089 capitum
689 1060 702 1081 ,
725 1040 828 1071 cum
854 1020 1257 1069 frumentatoribus
1276 1022 1416 1067 Cam-

125 1099 251 1162 panis
281 1098 497 1162 omnique
531 1096 827 1160 plaustrorum
863 1098 913 1143 &
939 1095 1247 1157 jumentorum
1280 1110 1416 1155 appa-

126 1185 249 1230 ratu,
275 1184 415 1235 capta.
443 1173 494 1218 &
518 1171 601 1218 alia
634 1170 791 1234 ingens
825 1169 975 1233 praeda
1003 1166 1114 1226 fuit,
1133 1182 1267 1230 quam
1294 1167 1419 1212 Han-

126 1261 214 1304 no,
248 1243 599 1308 populabundus
632 1243 786 1306 paffim
819 1259 920 1290 cum
952 1240 1076 1298 isset,
1107 1256 1161 1286 ex
1186 1238 1418 1286 sociorum

125 1317 287 1381 populi
319 1316 517 1366 Romani
552 1316 669 1379 agris
702 1326 913 1362 traxerat.
949 1313 1080 1371 Inde,
1115 1311 1292 1374 dejeffis
1327 1311 1418 1357 ho-

127 1390 258 1437 stium
278 1389 453 1448 castris,
472 1391 793 1435 Beneventum
809 1387 1002 1435 reditum
1024 1386 1085 1434 est
1100 1423 1113 1445 ,
1131 1386 1418 1450 praedamque

130 1466 191 1512 ibi
221 1465 357 1512 ambo
385 1464 593 1512 consules
620 1464 756 1529 (nam
789 1465 840 1512 &
864 1465 948 1526 Ap.
980 1461 1196 1509 Claudius
1229 1477 1285 1507 eo
1316 1459 1418 1524 post

128 1554 298 1602 paucos
319 1537 412 1584 dies
439 1536 594 1601 venit)
620 1536 948 1596 vendiderunt,
980 1534 1333 1597 diviseruntque.
1368 1535 1420 1582 δε

129 1610 314 1669 donati,
336 1627 533 1674 quorum
556 1607 693 1673 opera
715 1610 854 1658 castra
886 1608 1086 1657 hostium
1110 1618 1238 1671 capta
1264 1618 1417 1654 erant:

129 1699 232 1734 ante
252 1686 364 1732 alios
386 1688 607 1734 Accuaeus
628 1686 862 1749 Pelignus,
883 1686 934 1733 &
961 1687 1017 1733 T.
1046 1684 1267 1732 Pedanius
1290 1683 1419 1748 prin-

130 1776 234 1823 ceps
269 1759 413 1806 tertiae
445 1759 651 1823 legionis.
693 1761 858 1805 Hanno
889 1758 946 1806 ab
977 1757 1198 1805 Cominio
1225 1759 1383 1805 Cerito
1403 1794 1421 1817 ,

129 1850 225 1897 quo
249 1832 451 1881 nuntiata
474 1833 723 1881 castrorum
743 1832 889 1880 clades
912 1832 973 1878 est
987 1867 1000 1889 ‚
1023 1848 1127 1878 cum
1147 1831 1302 1893 paucis
1323 1829 1421 1876 fru-

129 1905 483 1962 mentatoribus,
518 1922 634 1969 quos
670 1904 786 1952 forte
826 1903 974 1951 secum
1022 1904 1265 1960 habuerat,
1301 1902 1420 1966 fugae

128 1978 290 2042 magis,
317 1995 451 2041 quam
471 1978 642 2025 itineris
656 2016 669 2037 ,
689 1979 831 2025 modo
854 1977 902 2023 in
922 1977 1121 2024 Bruttios
1141 1976 1286 2023 rediit.

197 2052 300 2097 XV.
321 2053 377 2097 Et
405 2052 627 2113 Campani
655 2052 804 2097 audita
823 2049 896 2098 sua
917 2050 1080 2112 pariter
1098 2049 1421 2112 sociorumque

132 2122 279 2181 clade,
300 2122 470 2186 legatos
489 2124 543 2169 ad
565 2124 860 2170 Hannibalem
877 2122 1090 2171 miserunt
1106 2160 1119 2182 ,
1144 2123 1221 2187 qui
1241 2123 1420 2170 nuntia·

132 2206 263 2253 rent,
295 2200 400 2241 duos
429 2198 610 2258 confides
640 2202 699 2243 ad
730 2200 1010 2244 Beneventum
1043 2195 1140 2262 effe,
1169 2200 1253 2244 diei
1285 2199 1362 2243 iter
1391 2216 1421 2243 ιε

134 2271 280 2330 Capua
288 2287 309 2325 ;
324 2286 485 2316 tamum
505 2290 592 2316 non
619 2275 840 2333 adportas
860 2269 903 2317 G*
926 2289 1064 2317 muros
1081 2274 1230 2317 bellum
1252 2269 1339 2333 effi.
1373 2272 1423 2315 ni

124 2361 293 2403 propere
307 2344 561 2404 subveniat,
582 2348 745 2390 celerius
778 2347 997 2405 Capuam,
1029 2362 1153 2405 quam
1173 2347 1343 2405 Arpos,
1373 2345 1421 2388 itz

128 2413 360 2477 potestatem
393 2416 562 2481 hostium
596 2433 823 2462 venturam.
866 2418 933 2462 Ne
970 2417 1195 2461 Tarentum
1227 2418 1421 2476 quidem,

130 2502 218 2529 non
247 2488 371 2531 modo
391 2504 550 2545 arcem,
573 2491 684 2534 tanti
703 2490 838 2534 debere
858 2485 949 2553 effe,
975 2503 1024 2533 uc
1052 2490 1238 2548 Capuam
1256 2521 1270 2545 ,
1292 2503 1417 2547 quam
