1628 2890
247 183 787 256 HISTORIARUM
835 182 958 229 LIB.
999 144 1201 230 XXIlI.
1277 197 1363 244 127

89 292 295 357 nosque,
327 290 506 355 prodita
542 289 827 336 multitudine
858 287 1208 351 a'principibus.
1247 288 1369 335 Rhe-

85 367 182 431 gini
205 366 519 414 tantummodo
538 364 735 428 regionis
759 362 876 424 ejus,
905 363 956 409 &
984 362 1031 408 in
1048 361 1134 409 fide
1157 379 1258 426 erga
1274 363 1370 410 Ro-

87 455 278 497 manos,
315 438 364 484 &
392 435 620 499 potestatis
655 434 743 481 suae
771 434 824 480 ad
859 433 1066 480 ultimum
1100 434 1370 482 manserunt.

87 513 138 557 In
159 509 351 558 Siciliam
371 525 554 572 quoque
571 507 722 554 eadem
743 506 975 554 inclinatio
994 507 1249 555 animorum
1269 525 1372 572 per-

86 583 244 630 venit:
272 585 321 631 &
347 600 402 629 ne
436 583 597 629 domus
630 580 812 644 quidem
844 580 1057 628 Hieronis
1089 593 1185 628 tota
1209 581 1263 628 ab
1297 583 1373 628 de·

86 655 283 703 feffione
310 655 533 702 abstinuit.
567 670 759 717 namque
790 653 911 701 Gelo
948 655 1171 701 maximus
1199 654 1371 718 stirpis,

87 742 320 778 contemta
351 730 480 778 fimul
513 728 733 776 senefiute
759 727 929 791 patris,
963 727 1090 773 simul
1118 728 1217 789 post
1251 730 1371 776 Can-

88 803 271 851 nensem
303 803 474 851 cladem
497 806 702 850 Romana
730 800 942 848 societate
963 836 976 859 ,
1009 800 1065 847 ad
1092 801 1262 848 Poenos
1294 803 1373 849 de-

87 876 221 924 fecit:
256 876 552 940 moviffetque
586 875 634 921 in
671 873 822 923 Sicilia
851 890 953 932 res,
993 872 1074 919 nisi
1102 889 1226 920 mors
1258 874 1371 921 adeo

88 961 381 1012 opportuna,
407 961 456 996 ut
490 961 662 1011 patrem
689 963 876 1011 quoque
900 945 1153 1009 suspicione
1175 946 1372 1010 asperge-

87 1035 184 1080 ret,
217 1035 458 1069 armantem
494 1039 596 1069 eum
629 1019 964 1068 multitudinem
985 1054 999 1076 ,
1028 1017 1372 1065 sollicitantem-

88 1113 177 1159 que
207 1095 356 1143 socios
381 1094 658 1142 absumfiffet.
691 1095 802 1140 Haec
826 1109 883 1140 eo
913 1109 1034 1139 anno
1069 1091 1115 1139 in
1138 1091 1261 1138 Italia
1283 1128 1296 1150 ,
1327 1093 1375 1138 in

88 1169 245 1218 Africa
263 1205 276 1228 ,
301 1169 348 1215 in
375 1168 551 1227 Sicilia,
583 1168 630 1214 in
661 1165 874 1230 Hispania
902 1165 1032 1213 vario
1065 1178 1234 1212 eventu
1267 1166 1376 1211 atila.

89 1243 229 1288 Exim
259 1240 367 1288 anni
397 1242 457 1291 Q.
487 1240 647 1295 Fabius
680 1238 903 1275 Maximus
936 1247 961 1276 a
993 1237 1143 1278 senatu
1180 1237 1377 1294 postula-

89 1301 190 1359 vit,
216 1311 266 1346 ut
294 1299 433 1346 aedem
453 1301 641 1348 Veneris
663 1301 900 1365 Erycinae,
922 1318 1055 1365 quam
1075 1302 1267 1350 ⁴dif'ca‘tor
1285 1321 1375 1352 vo-

90 1373 252 1431 viss'et,
290 1371 495 1420 dedicare
525 1373 696 1422 liceret.
733 1375 915 1421 Senatus
950 1375 1180 1434 decrevit,
1214 1388 1265 1423 ut
1300 1377 1374 1425 Ti.

89 1445 380 1508 Sempronius
409 1444 567 1493 consul
588 1445 834 1509 designatus
849 1481 862 1503 ,
889 1463 992 1493 cum
1011 1446 1204 1510 primum
1223 1448 1376 1495 hono-

89 1535 185 1565 rem
203 1518 369 1576 inisset,
384 1519 439 1565 ad
459 1518 676 1582 populum
698 1518 858 1574 ferret,
871 1532 920 1566 ut
939 1520 1000 1579 Q.
1016 1520 1200 1567 Fabium
1219 1521 1374 1568 duum-

89 1590 240 1636 virum
269 1591 352 1636 effe
373 1591 581 1652 juberent
615 1589 720 1636 aedis
754 1591 1012 1637 dedicandae
1046 1591 1187 1638 causa.
1226 1594 1281 1638 Et
1308 1594 1371 1641 M.

89 1661 274 1709 AErnilio
309 1662 515 1724 Lepido,
545 1661 623 1725 qui
654 1661 720 1708 bis
748 1662 906 1710 consul
937 1661 1169 1727 augurque
1198 1662 1373 1723 fuerat,

90 1733 173 1781 filii
205 1747 318 1794 tres,
347 1734 539 1793 Lucius,
571 1736 747 1781 Marcus
767 1771 781 1794 ‚
811 1735 1013 1796 Quintus
1032 1770 1046 1794 ,
1077 1735 1209 1783 ludos
1241 1736 1374 1784 fune-

88 1808 189 1855 bres
217 1825 296 1871 per
316 1808 539 1866 triduum,
572 1808 621 1855 &
642 1808 938 1870 gladiatorum
960 1809 1082 1871 paria
1112 1809 1204 1856 duo
1228 1811 1279 1858 δε
1300 1811 1375 1859 vi-

90 1881 204 1943 ginti
236 1897 314 1943 per
343 1881 542 1927 triduum
572 1880 619 1926 in
649 1880 754 1927 foro
785 1881 1014 1929 dederunt.
1045 1881 1211 1928 AEcliles
1240 1899 1373 1930 curu-

90 1954 154 2000 les
172 1956 224 2000 C.
237 1954 456 2001 Laetorius
470 1991 485 2014 ,
507 1957 556 2003 δε
574 1955 646 2002 Ti.
664 1955 1210 2017 Sempronius'Gracchus
1223 1991 1238 2014 ,
1263 1972 1373 2003 con·

90 2026 156 2073 sul
193 2027 468 2090 designatus,
503 2027 581 2091 qui
615 2027 662 2074 in
695 2027 905 2074 aedilitate
935 2028 1139 2092 magister
1167 2027 1371 2091 equitum

88 2100 259 2158 fuerat,
293 2101 423 2149 ludos
451 2103 687 2148 Romanos
714 2101 921 2149 fecerunt
939 2137 952 2157 ,
975 2102 1053 2164 qui
1073 2118 1151 2164 per
1173 2102 1371 2148 triduum

89 2173 318 2220 instaurati
337 2174 447 2224 sunt.
477 2174 643 2236 Plebeji
662 2175 754 2220 ludi
773 2174 969 2220 aedilium
992 2176 1055 2220 M.
1072 2174 1243 2221 Aurelii
1260 2176 1374 2222 Cot-

87 2258 145 2294 tae
165 2248 213 2294 &
228 2249 291 2294 M.
310 2247 491 2294 Claudii
506 2246 709 2294 Marcelli
729 2258 796 2293 ter
815 2246 1053 2292 instaurati.
1084 2246 1369 2293 Circumafio

89 2318 224 2364 tertio
262 2335 382 2365 anno
418 2318 574 2365 Punici
603 2318 742 2378 belli,
777 2319 849 2366 Ti.
884 2318 1174 2380 Sempronius
1213 2316 1372 2363 consul

89 2389 238 2436 Idibus
263 2389 432 2436 Martiis
458 2389 760 2453 magistratum
792 2389 906 2437 iniit.
944 2391 1162 2436 Praetores
1186 2391 1246 2449 Q.
1270 2388 1373 2435 Ful-

89 2463 193 2514 vius
222 2462 433 2524 Flaccus,
459 2463 538 2529 qui
570 2475 700 2515 antea
728 2462 888 2516 consul
923 2463 1172 2528 censorque
1203 2461 1372 2521 fuera-22,
