1628 2890
233 192 786 243 HISTORIARUM
828 194 953 240 LIB.
994 191 1201 241 XXIV.
1279 211 1373 261 209

87 307 152 355 ria
172 307 258 350 erit.
296 305 452 350 Intenti
473 320 564 364 ergo
582 320 721 348 ornnes
741 305 970 362 armatique
971 301 1146 366 stgnum
1165 303 1373 365 exspefla-

85 379 201 424 bitis,
236 395 307 439 ego
339 380 385 422 in
417 381 609 422 concione
637 395 701 422 ero
724 393 741 419 :
771 375 813 421 δ’
840 392 1025 436 tempus,
1062 380 1203 437 quoad
1229 381 1374 423 omnia

88 451 280 516 instruc‘i‘a
302 448 428 513 snt
466 450 668 508 loquendo
701 450 1016 508 altercandoque
1052 452 1230 495 tralzarn.
1270 453 1373 496 Cum

86 538 185 584 toga
201 522 275 585 sig
275 540 375 568 num
409 525 581 577 dedero,
609 537 694 565 turn
727 523 830 565 milii
860 524 1039 581 undique
1070 524 1243 568 clamore
1262 523 1374 583 fich-

86 598 176 640 lato
205 598 366 640 turbam
400 595 612 648 invadiQte
642 611 691 637 ac
703 593 872 658 sternite
902 611 937 637 0
932 596 1046 638 nnia
1059 592 1210 651 ferro:
1236 593 1279 640 ὃ*
1299 613 1374 640 ca-

86 683 199 724 vete,
230 667 444 727 quisquam
467 665 674 728 sitpersz't,
709 683 737 708 a
755 666 901 723 quibus
922 680 997 708 aut
1024 668 1090 709 vis
1105 701 1121 721 ,
1155 681 1230 712 aut
1243 666 1373 725 fraus

85 741 223 786 timeri
238 741 377 804 poffic.
408 744 525 792 Vos,
556 741 669 784 Ceres
694 752 825 782 mater
847 755 897 782 ac
915 739 1194 799 Proserpina,
1207 760 1374 801 precor,

89 818 202 861 ceteri
220 815 363 875 ficperi
390 812 619 872 infernique
637 812 755 867 Dii,
785 814 855 871 qui
880 814 989 857 lianc
1011 816 1145 859 urbem
1161 850 1174 870 ,
1206 817 1281 860 lzos
1294 818 1373 876 sa-

89 905 224 936 cratos
243 893 360 935 lacus
380 888 567 949 lucosque
589 887 751 936 colitis,
783 901 830 930 ut
846 888 907 930 ita
932 888 1053 931 nobis
1077 892 1255 933 volentes
1268 909 1374 948 pro-

82 966 187 1023 pitii
213 962 385 1026 adficis,
404 962 454 1025 si
473 962 687 1015 vitandae,
706 978 793 1003 non
806 958 1016 1016 ferendae,
1037 960 1216 1018 fraudis
1247 965 1374 1024 causa

89 1039 166 1082 hoc
191 1035 350 1098 consilii
371 1037 572 1094 capimus·
610 1034 808 1078 Pluribus
827 1050 928 1089 vos,
959 1034 1140 1092 milites,
1167 1037 1373 1094 hortarer,

75 1110 127 1175 st
138 1129 228 1156 cum
254 1111 428 1154 armatis
452 1109 666 1152 dimicatio
687 1105 840 1164 fictura
867 1105 972 1170 effit.
1005 1111 1200 1164 inermes,
1222 1111 1373 1155 incau-

88 1199 154 1229 tos
190 1184 250 1226 ad
268 1182 380 1241 fati
366 1196 507 1225 tatem
540 1181 817 1224 trucidabitis.
853 1181 916 1224 Ec
950 1182 1134 1240 consulis
1164 1182 1267 1247 cast)
1265 1200 1292 1226 ι
1327 1184 1373 1227 in

79 1272 318 1316 propinquo
325 1254 457 1313 siant
477 1272 526 1298 ne
545 1255 648 1312 quid
665 1255 718 1297 ab
733 1253 973 1298 Himilcone
991 1251 1034 1299 θ’
1056 1256 1303 1316 Carthagini
1292 1273 1374 1300 en·

75 1326 195 1390 fibus
220 1330 353 1372 timeri
367 1327 504 1391 poffit.

173 1396 393 1442 XXXIX.
429 1387 501 1439 Ab
534 1393 616 1442 hac
645 1393 965 1442 adhortatIOne
989 1396 1147 1444 dimiffi
1176 1416 1374 1462 corpora

85 1480 264 1516 curant.
305 1465 491 1513 Postero
523 1466 593 1513 die
627 1466 703 1513 alii
739 1467 832 1513 aliis
863 1468 1007 1524 locis,
1043 1469 1097 1515 ad
1131 1470 1374 1517 obsidenda

90 1542 251 1589 itinera
277 1540 640 1602 claudendosque
661 1541 899 1603 oppidanis
923 1542 1089 1601 exitus,
1111 1559 1212 1605 pars
1233 1545 1374 1591 maxi-

91 1632 165 1662 ma
195 1614 324 1678 super
347 1615 570 1660 theatrum
591 1614 824 1675 circaque,
846 1615 997 1661 affueti
1018 1617 1067 1663 &
1085 1630 1186 1663 ante
1211 1618 1374 1680 spedia·

93 1688 206 1737 culis
238 1688 513 1735 concionum
532 1724 544 1744 ‚
579 1687 842 1735 consistunt.
875 1689 1121 1736 Productus
1144 1692 1198 1737 ad
1223 1708 1375 1754 popu-

92 1761 186 1810 lum
205 1778 229 1807 a
252 1760 577 1824 magistratibus
606 1760 835 1823 praefechts
858 1762 1115 1822 Romanus,
1136 1781 1240 1811 cum
1263 1783 1374 1813 con-

92 1835 196 1882 sulis
221 1851 278 1881 ea
306 1834 359 1881 de
392 1851 438 1881 re
471 1834 539 1896 jus
569 1853 620 1883 ac
657 1835 919 1898 potestatem
951 1836 1064 1895 effe,
1095 1854 1191 1884 non
1225 1838 1373 1899 suam,

93 1910 144 1956 &
174 1907 385 1971 pleraque
418 1909 599 1964 eadem,
634 1926 734 1965 quae
772 1909 941 1972 pridie,
980 1910 1184 1972 dJXifl'et3
1224 1913 1373 1975 primo

94 1981 250 2029 sensim
268 2017 282 2039 ‚
312 1999 363 2028 ac
384 1981 529 2043 plures
549 2020 562 2040 ‚
593 1985 777 2031 reddere
813 1985 961 2032 claves
981 2021 995 2043 ,
1030 1985 1130 2031 dein
1151 1985 1248 2041 “iam
1286 2004 1377 2034 una

96 2070 215 2103 voce
247 2054 292 2100 id
317 2070 474 2101 omnes
494 2055 725 2117 juberent,
747 2057 1062 2120 cunctantique
1083 2075 1134 2104 ac
1155 2059 1376 2108 differenti

99 2126 311 2174 ferociter
345 2127 687 2188 minitarentur,
726 2146 808 2177 nec
834 2130 1096 2178 viderentur
1127 2131 1242 2177 ultra
1279 2133 1376 2180 vim

97 2201 298 2249 ultimam
321 2201 532 2258 dilaturi3
568 2213 665 2248 tum
700 2202 934 2266 praefectus
968 2215 1071 2268 toga
1102 2205 1294 2268 signum,
1326 2219 1377 2254 ut

100 2288 380 2323 convenerat
396 2314 410 2333 ‚
437 2276 571 2323 dedit.
592 2275 837 2338 militesque
859 2276 1019 2322 intenti
1039 2277 1206 2324 dudum
1228 2295 1377 2341 aepa-

98 2349 212 2405 rati‚
240 2348 314 2396 alii
350 2349 539 2412 superne
566 2348 613 2395 in
642 2349 837 2396 aversam
868 2348 1140 2397 concionem
1177 2351 1377 2399 clamore

99 2421 273 2469 sublato
306 2422 579 2481 decurrunt,
616 2422 689 2470 alii
720 2423 776 2469 ad
812 2421 958 2470 exitus
992 2423 1152 2470 theatri
1182 2424 1379 2470 conferti

101 2494 333 2543 obsistunt.
366 2497 615 2544 Caeduntur
635 2495 894 2545 Hennenses
914 2514 1055 2545 cavea
1074 2495 1253 2557 inclusi,
1276 2514 1380 2545 coa-

158 2574 207 2619 T.
229 2576 321 2619 Liv.
357 2575 452 2618 Vol.
484 2576 569 2619 IV.
1056 2572 1102 2618 Ο
