1628 2890
192 149 278 212 136
538 150 1167 201 TITILIVII·

183 256 374 303 vionem
406 255 608 311 veniret,
633 273 717 319 qua
752 273 809 303 ex
842 259 1109 308 conditione
1144 258 1332 326 quisque
1369 265 1473 314 effer.

182 328 307 375 miles
342 327 491 373 faffits.
530 329 640 375 Haec
672 329 823 392 agenti
858 333 1069 379 Graccho
1106 334 1239 399 legati
1277 337 1472 386 Cumani

180 400 478 460 nuntiarunt,
505 418 605 463 quae
638 419 661 448 a
694 403 936 466 Campanis
969 404 1135 468 legatio
1169 425 1338 470 paucos
1368 422 1473 458 ante

180 474 272 520 dies
294 474 499 531 veniffet,
521 477 570 522 &
590 475 698 538 quid
719 476 771 522 iis
792 477 872 539 ipfi
895 476 1229 540 respondissent.
1247 482 1472 530 Triduum

179 549 282 612 post
321 565 421 595 eum
461 549 579 596 diem
618 549 773 596 festum
809 551 928 597 effe:
960 569 1056 598 non
1092 554 1288 602 senatum
1326 556 1472 604 solum

178 641 364 670 omnem
393 623 455 670 ibi
475 623 674 670 futurum
691 661 704 683 ,
728 623 802 671 sed
822 625 959 672 castra
989 626 1121 673 etiam
1153 629 1202 676 &
1223 629 1472 678 exercitum

181 698 481 759 Campanum.
524 696 788 754 Gracchus,
822 695 944 757 juffis
977 699 1194 744 Cumanis
1231 700 1383 748 omnia
1413 717 1472 749 ex

179 773 295 836 agris
316 771 362 818 in
390 772 547 820 urbem
576 765 858 829 convehere,
883 772 933 818 &
954 789 1133 820 manere
1154 773 1272 821 intra
1289 792 1473 836 muros,

179 846 272 908 ipse
289 844 455 908 pridie,
471 861 605 908 quam
626 844 783 890 statum
803 843 1063 891 sacrificium
1083 846 1326 908 Campanis
1344 847 1470 907 esset,

181 921 352 966 Cumas
375 929 536 965 movet
554 916 700 964 castra.
723 917 879 962 Hamae
896 916 1000 963 inde
1015 917 1099 963 tria
1117 918 1253 965 millia
1271 919 1471 981 paffuum

181 993 358 1042 absunt.
386 993 477 1038 Jam
508 988 730 1052 Campani
753 1006 808 1036 eo
840 989 1095 1053 frequentes
1125 1006 1180 1036 ex
1212 991 1470 1055 composito

180 1075 523 1122 convenerant,
555 1079 638 1111 nec
670 1062 833 1125 procul
865 1063 969 1110 inde
1005 1064 1052 1109 in
1083 1064 1269 1111 occulto
1302 1063 1471 1111 Marius

181 1139 325 1188 Alfius
343 1137 666 1185 Medixtuticus
687 1135 911 1200 (summus
929 1138 1206 1200 magistratus
1227 1151 1319 1186 erat
1335 1141 1483 1186 Cam-¹

180 1211 341 1278 panis)
370 1229 473 1259 cum
494 1211 836 1274 quatuordecim
867 1211 1064 1259 millibus
1095 1224 1368 1259 armatorum
1391 1213 1470 1258 ha-

180 1289 314 1336 bebat
345 1287 510 1341 castra3
541 1284 757 1332 sacrificio
786 1286 1073 1348 apparando,
1102 1288 1151 1334 &
1183 1287 1299 1333 inter
1319 1287 1365 1334 id
1396 1287 1470 1333 in-

180 1361 402 1408 struendae
428 1359 571 1406 fraudi
592 1359 821 1421 aliquanto
843 1359 1087 1418 intentior,
1107 1376 1239 1421 quam
1258 1359 1470 1407 munien-

178 1437 248 1484 dis
277 1436 426 1483 castris
444 1472 457 1493 ,
479 1446 554 1481 aut
576 1434 657 1481 ussi
687 1434 868 1480 militari
901 1433 1044 1497 operi.
1078 1433 1303 1481 Triduum
1331 1433 1469 1481 sacri-

178 1507 362 1555 ficatum
386 1507 441 1553 ad
471 1509 648 1555 Hamas.
677 1508 965 1553 Nochlrnum
997 1518 1087 1553 erat
1119 1506 1286 1554 sacrum
1303 1543 1316 1566 ,
1340 1506 1399 1554 ita
1418 1517 1469 1552 ut

177 1593 282 1628 ante
314 1581 506 1627 mediam
534 1581 710 1627 nociem
741 1579 1056 1642 compleretur.
1088 1580 1203 1627 Huic
1231 1581 1468 1627 Gracchus

177 1652 480 1700 insidiandum
515 1653 712 1714 tempori
748 1664 898 1711 ratus3
932 1652 1189 1700 custodibus
1223 1653 1279 1700 ad
1312 1664 1468 1716 portas

179 1725 337 1789 positis
352 1762 365 1783 ,
394 1742 449 1773 ne
471 1726 572 1789 quis
602 1725 834 1772 enuntiare
862 1727 1005 1788 poffet
1028 1739 1179 1789 coepta
1194 1762 1208 1785 ‚
1228 1727 1279 1774 &
1303 1727 1358 1773 ab
1389 1727 1467 1772 de-

177 1799 294 1845 cima
332 1798 418 1845 diei
453 1799 567 1845 hora
605 1799 770 1852 coaffis
803 1798 1019 1846 militibus
1049 1816 1243 1862 corpora
1275 1815 1464 1854 curare,

175 1870 431 1934 somnoque
450 1887 635 1933 operam
669 1872 795 1930 dare,
816 1883 867 1918 ut
893 1871 1047 1935 primis
1070 1872 1266 1918 tenebris
1287 1888 1464 1920 conve-

178 1943 274 1990 nire
290 1944 344 1990 ad
358 1944 526 2006 signum
543 1944 742 2006 possent,
758 1943 912 2007 vigilia
927 1944 1064 1991 ferme
1079 1945 1222 2007 prima
1233 1945 1334 1990 tolli
1347 1943 1466 2006 juffit

174 2017 327 2081 figna3
358 2018 593 2081 silentique
615 2017 841 2080 profeffiw
862 2018 1038 2082 agmine
1054 2054 1068 2076 ,
1101 2035 1203 2066 cum
1224 2019 1277 2064 ad
1299 2019 1465 2064 Hamas

175 2091 321 2137 media
343 2091 474 2137 ηοξὶρ
495 2090 788 2153 pervenisset,
811 2093 946 2139 castra
958 2094 1213 2156 Campana,
1233 2105 1283 2140 ut
1302 2094 1348 2139 in
1363 2110 1463 2156 per-

173 2163 339 2226 vigilio
360 2164 581 2227 negle&a‚
599 2164 725 2210 fimul
743 2165 954 2212 omnibus
971 2166 1114 2228 portis
1134 2167 1334 2212 invadit:
1349 2165 1464 2213 alios

174 2236 337 2284 somno
366 2239 549 2295 stratos,
583 2237 695 2284 alios
725 2251 981 2301 perpetrato
1012 2239 1137 2286 sacro
1169 2239 1360 2285 inermes
1389 2255 1461 2286 re-

173 2310 362 2356 deuntes
387 2312 644 2357 obtruncat.
679 2311 913 2357 hominum
935 2328 991 2357 eo
1011 2311 1205 2357 tumultu
1234 2313 1461 2358 no&[11·no

173 2381 284 2429 caesa
305 2382 401 2444 plus
431 2383 522 2428 duo
562 2383 727 2440 millia,
750 2401 850 2429 cum
882 2384 976 2447 ipso
1001 2386 1112 2431 duce
1142 2386 1288 2431 Mario
1323 2384 1461 2434 Alfio⁵

172 2466 303 2518 capta
323 2453 422 2502 sunt
441 2454 563 2520 signa
592 2454 802 2504 militaria
823 2469 1015 2521 quatu-or
1037 2457 1086 2505 &
1107 2455 1299 2522 triginta.
