1628 2890
224 181 803 230 HISTORIARUM
852 185 986 232 LIB.
1024 185 1218 234 XXIII.
1292 203 1375 252 115

93 285 334 351 pontifices
364 287 530 345 creati,
559 289 620 349 Q.
645 288 857 336 Caecilius
881 290 1088 339 Metellus
1105 327 1118 350 ‚
1154 293 1204 340 &
1223 294 1282 353 Q.
1303 296 1381 340 Fa-

93 360 193 407 bius
228 360 482 419 Maximus,
513 361 563 408 &
585 363 646 421 Q.
679 362 868 411 Fulvius
898 363 1112 422 Flaccus,
1149 365 1382 415 inlocum

94 431 142 478 P.
164 431 378 479 Scantinii
407 432 663 491 demortui,
692 434 742 481 &
774 435 819 479 L.
846 435 1015 482 AEmilii
1047 436 1188 483 Paulli
1215 439 1381 486 consu-

94 503 172 562 lis,
186 506 234 553 &
256 506 316 565 Q.
332 505 434 553 AElii
454 506 589 564 Paeti,
608 506 687 570 qui
707 506 962 554 ceciderant
979 525 1127 573 pugna
1142 511 1382 563 Cannensi.

160 580 304 626 XXII.
335 581 452 626 Cum
478 592 624 627 cetera
643 615 656 639 ,
685 598 785 644 quae
809 582 1038 629 continuis
1068 584 1268 633 cladibus
1288 586 1382 634 for-

96 661 204 698 tuna
231 653 478 712 minuerat‚
505 664 724 716 quantum
754 653 953 701 consiliis
980 654 1184 702 humanis
1217 657 1385 722 affequi

95 737 335 787 poterant,
366 727 513 773 Patres
545 726 817 789 expleffent;
854 727 1034 773 tandem
1057 727 1098 773 se
1126 745 1314 794 quoque
1334 734 1384 781 &

94 797 381 846 solitudinem
418 800 581 856 curiae,
611 799 973 863 paucitatemque
1007 804 1384 855 convenientium

96 871 153 917 acl
185 872 413 934 publicum
450 873 686 920 confilium
725 873 1030 936 respexerunt.
1078 891 1225 939 neque
1261 880 1382 928 enim

96 946 198 1008 post
218 948 265 993 L.
288 946 518 993 AEmilium
542 948 591 994 ὅ(
614 947 668 994 C.
695 947 962 994 Flaminium
982 948 1187 997 censores
1206 950 1382 1002 senatus

95 1018 234 1064 lectus
268 1018 439 1077 fuerat,
473 1036 575 1066 cum
599 1030 773 1066 tantum
807 1019 1061 1067 senatorum
1080 1021 1276 1069 adversae
1296 1043 1382 1088 pu-

96 1108 229 1155 gnae,
266 1091 320 1137 ad
356 1091 447 1154 hoc
482 1090 545 1137 sui
582 1108 808 1156 quemque
844 1092 967 1140 casus
1005 1110 1084 1155 per
1121 1094 1382 1160 quinquen-

93 1164 221 1212 nium
252 1162 565 1211 absumfiffent.
594 1165 713 1210 Cum
747 1164 801 1209 de
828 1180 878 1210 ea
897 1180 943 1209 re
965 1165 1144 1211 Manius
1176 1166 1382 1230 Pompo-

92 1237 198 1283 nius
224 1248 418 1299 praetor,
438 1235 653 1282 dictatore
672 1235 772 1299 post
790 1236 1033 1283 Casilinum
1053 1238 1253 1285 amiffum
1274 1257 1382 1303 pro-

95 1308 215 1355 fc5lo
245 1306 334 1370 jam
360 1307 415 1353 ad
443 1306 691 1353 exercitum
708 1344 722 1366 ,
751 1308 1098 1372 exposcentibus
1121 1312 1288 1358 cunctis
1307 1331 1380 1360 re-

95 1377 294 1432 tuli-fleu
328 1388 426 1422 tum
457 1377 531 1438 Sp.
568 1381 824 1439 Carvilius,
862 1399 977 1435 cum*
1001 1382 1137 1445 longa
1171 1386 1380 1434 oratione

97 1467 194 1497 non
224 1449 366 1497 solum
393 1451 619 1512 inopiam,
639 1451 712 1498 sed
735 1454 1002 1515 paucitatem
1029 1455 1162 1502 etiam
1183 1457 1379 1520 civium,

97 1540 123 1570 e
153 1522 313 1586 quibus
348 1522 396 1568 in
431 1523 582 1569 Patres
619 1523 903 1588 legerentur,
938 1528 1208 1590 conquestus
1241 1531 1380 1592 esset,

96 1595 309 1658 explendi
337 1593 511 1642 senatus
543 1596 695 1656 causa,
728 1599 778 1645 ὃς
806 1598 1021 1662 jungendi
1053 1601 1210 1649 arctius
1236 1604 1382 1654 Latini

99 1667 328 1728 nominis,
362 1684 446 1729 pro
481 1686 643 1732 magna
678 1685 727 1715 re
762 1669 804 1716 se
840 1670 1020 1717 suadere
1057 1671 1201 1730 dixit,
1239 1691 1290 1722 ut
1325 1695 1384 1726 ex

99 1740 280 1804 fingulis
315 1740 496 1803 populis
527 1734 821 1801 Latinorum,
856 1743 971 1790 binis
1007 1743 1314 1808 senatoribus,
1348 1752 1382 1798 fi

99 1814 250 1860 Patres
279 1812 476 1859 Romani
515 1813 810 1872 censuiflent,
853 1815 1010 1862 civitas
1053 1817 1267 1876 daretur,
1311 1834 1381 1868 at-

100 1901 188 1948 que
221 1883 268 1930 in
276 1867 647 1931 demortuorum
682 1885 834 1932 locum
870 1886 917 1932 in
951 1887 1147 1935 senatum
1183 1890 1381 1954 legeren-

99 1968 188 2004 tut.
209 1959 317 2004 Eam
335 1951 595 2005 sententiam
617 1958 733 2003 haud
751 1957 1027 2021 aequioribus
1045 1959 1202 2007 animis
1213 1980 1380 2025 ,quam

99 2030 298 2094 ipsorum
330 2031 560 2092 quondam
592 2031 862 2093 postulatum
895 2031 1195 2090 Latinorum,
1231 2035 1380 2084 Patres

101 2103 365 2151 audierunt:
388 2105 462 2161 &‚
484 2120 585 2150 cum
610 2103 810 2150 fremitus
837 2105 1167 2167 indignantium
1188 2119 1281 2156 tota
1303 2128 1378 2158 cu-

100 2172 168 2222 rlia
193 2174 319 2232 effer,
340 2177 389 2221 &
409 2175 632 2238 praecipue
652 2175 875 2233 Manlius,
902 2176 971 2239 effe
997 2179 1117 2222 etiam
1149 2197 1259 2225 nunc
1275 2183 1380 2246 stir-

93 2252 168 2311 pis
191 2247 279 2304 ejus
301 2250 433 2293 virum
452 2283 466 2304 ‚
490 2248 679 2305 diceret,
706 2267 758 2294 ex
772 2268 852 2309 qua
868 2253 1079 2309 quondam
1098 2252 1144 2301 in
1169 2254 1379 2314 Capitolio

101 2321 248 2380 consul
273 2324 458 2366 minatus
495 2320 610 2385 efflet,
644 2340 757 2391 qlfem
792 2326 991 2368 Latinum
1029 2325 1073 2368 in
1103 2328 1218 2370 curia
1246 2331 1380 2390 vidis-

89 2395 157 2456 fit
173 2429 187 2450 ,
217 2412 307 2439 eum
315 2397 403 2456 fica
427 2413 555 2441 manu
575 2397 627 2457 fi
658 2397 954 2455 intersec‘lurum
969 2416 989 2452 ;
1018 2398 1079 2456 Q.
1102 2398 1256 2444 Fabius
1280 2402 1378 2447 Ma-

102 2465 279 2526 ximUS‚
304 2470 538 2529 Nunquam
565 2472 620 2515 rei
646 2473 776 2516 ullius
799 2473 994 2517 alieniore
1011 2487 1185 2532 tempore
1208 2478 1379 2520 mentio·

1027 2545 1177 2600 sz
