1628 2890
240 167 834 217 HISTORIARUM
868 169 1002 216 LIB.
1037 168 1227 215 xxm.
1312 186 1399 231 117

111 276 248 342 legit,
274 276 352 341 qui
378 276 479 340 post
510 278 559 323 L.
580 275 810 323 AEmilium
843 279 891 324 &
912 278 966 324 C.
990 275 1254 323 Flaminium
1288 293 1398 324 cen-

109 350 234 398 sores
263 351 464 398 curulem
496 350 797 414 magistratum
837 351 1080 413 cepissent,
1116 351 1310 399 necdum
1348 351 1397 395 in

108 425 309 472 senatum
331 424 432 471 leffl
451 425 610 483 effent,
637 436 688 471 ut
704 423 891 488 quisque
909 442 1065 472 eorum
1085 427 1253 489 primus
1275 442 1397 474 crea-

99 509 181 544 ·tus
199 509 315 544 erat:
335 508 430 542 tum
451 496 558 560 legit
571 532 585 555 ‚
602 495 681 559 qui
703 496 852 542 aedil-es
865 532 878 554 ‚
898 498 1064 544 tribuni
1083 499 1255 560 plebei,
1275 515 1399 562 quae-

108 569 305 619 storesve
329 569 532 617 fuerant:
571 580 666 616 tum
690 586 745 616 ex
767 570 820 616 iis
836 607 849 628 ‚
876 572 954 633 qui
987 573 1265 636 magistratus
1299 588 1397 618 non

109 644 347 706 cepissent,
379 642 458 706 qui-
478 641 621 704 spolia
653 659 708 688 ex
734 642 862 689 hoste
891 642 979 690 fixa
1010 645 1135 690 domi
1158 646 1398 701 haberent,

110 729 189 764 aut
204 716 398 764 civicam
417 731 638 762 coronam
655 715 936 778 accepissent.
955 721 1016 762 lta
1032 730 1212 764 centum
1229 718 1399 781 septua-

110 790 235 853 ginta
267 788 431 850 septem
464 804 568 834 cum
600 787 771 852 ingenti
797 789 1128 851 approbatione
1156 791 1399 837 hominum

111 863 160 909 in
191 864 387 909 senatum
418 860 571 919 lectis,
602 860 832 923 extemplo
856 860 899 907 se
928 861 1185 925 magistratu
1218 863 1400 910 abdica-

112 937 219 995 vit,
250 933 540 999 privatusque
575 934 628 980 de
665 934 839 980 Rostris
876 934 1131 992 descendit,
1166 936 1399 984 liftoribus

112 1013 236 1060 abire
263 1011 397 1073 juffis.
446 1009 680 1072 turbaeque
704 1009 746 1056 se
777 1008 1018 1056 immiscuit
1039 1010 1240 1072 privatas
1269 1028 1399 1072 agen-

111 1085 223 1131 tium
252 1099 347 1141 tes,
381 1093 554 1144 tempus
581 1083 672 1128 hoc
700 1078 853 1128 seduso
873 1077 1050 1141 terens'‚
1084 1100 1142 1128 ne
1171 1083 1400 1130 deducen-

111 1159 158 1205 di
191 1158 254 1204 sui
289 1156 417 1205 causa
456 1155 677 1219 populum
710 1156 764 1202 de
800 1156 906 1205 foro
941 1157 1210 1205 abduceret:
1254 1174 1399 1220 neque

112 1246 261 1281 tamen
288 1233 484 1296 elanguit
512 1250 617 1280 cura
645 1232 885 1280 heminum
914 1250 964 1280 ea
993 1250 1121 1279 mora
1139 1270 1153 1292 ‚
1187 1233 1399 1296 frequen-

112 1308 267 1371 tesque
293 1325 394 1354 eum
424 1308 610 1354 domum
641 1307 934 1353 deduxerunt,
970 1306 1142 1353 Consul
1175 1307 1305 1353 nocie
1324 1306 1399 1351 ino

115 1381 317 1446 sequenti·
353 1383 411 1428 ad
444 1380 691 1428 exercitum
727 1381 886 1433 rediit,
924 1397 1019 1426 non
1057 1379 1172 1426 fac'to
1206 1377 1399 1425 certIOrc

113 1453 297 1511 senatu,
322 1469 377 1499 ne
404 1452 695 1499 comitiorum
716 1451 842 1499 causa
869 1451 915 1497 in
944 1451 1053 1497 urbe
1084 1450 1366 1498 retineretur.

179 1528 353 1574 XXIV.
380 1526 566 1573 Postero
598 1526 668 1572 die
698 1525 927 1573 consultus
956 1543 979 1571 a
1010 1524 1166 1571 Manio
1195 1525 1400 1586 Pompo*

115 1599 193 1646 nio
211 1610 405 1661 praetore
427 1598 599 1644 senatus
619 1598 845 1654 decrevit,
865 1598 1071 1643 dictatori
1092 1597 1372 1644 scribendum
1385 1635 1399 1656 ‚

113 1672 207 1730 uti,
227 1672 259 1718 fi
280 1688 302 1718 e
326 1671 554 1734 republica
583 1671 781 1718 censeret
801 1670 885 1716 effe
900 1706 913 1727 ‚
938 1670 992 1715 ad
1013 1668 1217 1716 consules
1239 1668 1400 1715 subto*

112 1745 282 1808 gandos
312 1744 488 1791 veniret
517 1761 623 1791 cum
655 1741 864 1805 magistro
889 1742 1089 1803 equitum
1124 1743 1173 1788 &
1207 1754 1400 1803 praetore

114 1820 180 1865 Μ’.
208 1818 453 1873 Marcello,
474 1831 523 1864 ut
549 1834 603 1862 ex
634 1815 689 1863 iis
718 1815 1008 1877 praesentibus
1029 1814 1223 1861 ¹noscere
1250 1814 1402 1859 Patres

114 1890 317 1952 possent,
343 1908 437 1954 quo
468 1890 580 1937 statu
614 1889 859 1952 respublica
892 1888 1022 1942 estet,
1045 1887 1316 1949 consiliaque
1346 1903 1402 1932 ex

115 1963 246 2009 rebus
267 1977 496 2026 caperent..
523 1963 619 2023 Qui
641 1961 771 2010 acciti
791 1974 946 2014 erant,
970 1976 1127 2005 omnes
1145 1972 1400 2018 venerunt,

114 2036 276 2083 relictis
302 2037 454 2099 legatis
470 2072 483 2095 ‚
504 2036 583 2099 qui
601 2035 856 2098 legionibus
887 2033 1129 2097 praeeffent.
1156 2032 1398 2088 Diciator,

117 2109 172 2154 de
192 2108 233 2154 se
254 2126 392 2171 pauca
419 2126 469 2156 ac
494 2108 670 2155 modice
692 2108 902 2164 Iocutus,
926 2106 971 2151 in
995 2103 1251 2167 magistrum
1273 2105 1401 2168 equi-

115 2192 210 2227 tum
229 2217 243 2238 ,
268 2181 341 2228 Ti.
360 2181 675 2245 Sempronium
700 2179 985 2233 Gracchum,
1003 2193 1207 2239 magnam
1231 2189 1401 2238 partem

115 2253 273 2319 gloriae
294 2256 459 2311 vertit3
493 2255 768 2317 comitiaque
787 2253 927 2300 edixit
943 2289 956 2309 ,
988 2251 1150 2315 quibus
1172 2252 1219 2296 L.
1242 2249 1400 2297 Postu-

115 2327 230 2373 mius
261 2328 442 2373 tertium
462 2326 642 2385 absens,
666 2326 742 2388 qui
774 2337 868 2371 tum
898 2323 1090 2371 Galliam
1113 2321 1400 2384 provinciam

116 2399 372 2457 obtinebat,
404 2402 454 2447 &
484 2400 557 2447 Ti.
582 2399 875 2461 Sempronius
906 2397 1171 2454 Gracchus,
1198 2394 1274 2457 qui
1304 2406 1401 2439 tum

116 2470 317 2536 magister
345 2467 544 2536 equitum
581 2473 632 2521 δε
665 2471 805 2519 aedilis
837 2470 1001 2519 curulis
1039 2480 1159 2527 erat,
1192 2465 1398 2518 consul&

1045 2543 1087 2588 H
1125 2559 1146 2604 3
