1628 2890
270 156 835 205 HisToniARuM
887 155 1242 202 LIB.XX11.
1338 172 1401 217 49

112 267 161 315 in
188 265 569 328 supplementum3
601 263 675 309 alii
709 279 855 310 novas
880 274 1074 324 quatuor
1100 261 1300 325 legiones
1317 298 1330 320 ‚
1351 274 1404 309 ut

113 341 220 388 σξὶο
245 338 497 401 legionibus
530 353 625 382 rem
649 348 879 399 gererent:
910 352 1099 381 numero
1119 352 1302 398 quoque
1319 353 1402 398 pe·-

113 413 254 459 ditum
284 411 581 473 equitum-que
611 408 812 470 legiones
845 407 990 452 auctas
1011 443 1024 464 ‚
1050 407 1246 452 millibus
1272 408 1403 469 pedi-

110 497 206 532 tum
239 484 290 530 δε
325 483 525 529 centenis
554 480 780 543 equitibus
815 480 862 524 in
888 479 1080 542 singulas
1110 478 1313 539 adjeffis,
1348 491 1402 525 ut

109 555 248 619 quina
273 555 412 602 millia
442 554 640 618 peditum
659 590 673 609 ‚
703 552 874 598 treceni
904 553 1072 613 equites
1100 552 1260 608 effent3
1290 552 1404 599 socii

109 628 335 690 duplicem
367 643 602 675 numerum
622 625 824 688 equitum
848 625 1003 670 darent
1018 660 1030 681 ,
1051 626 1220 687 pedites
1253 643 1403 688 aequa·

108 715 225 748 rent.
264 703 440 763 Septem
460 701 509 746 δε
533 699 766 760 ocloginta
787 698 927 744 millia
946 710 1225 744 armatorum
1250 701 1301 746 &
1320 698 1403 745 du-

110 786 269 820 centos
291 773 336 818 in
358 772 506 819 castris
528 768 770 824 Romanis,
796 783 900 813 cum
932 780 1175 830 pugnatum
1204 771 1256 816 ad
1275 772 1401 817 Can-

109 860 190 890 nas
216 843 277 888 est
294 879 308 899 ,
337 846 514 905 quidam
540 842 742 886 auclores
773 839 888 886 sunt.
918 839 1033 886 Illud
1061 839 1403 901 haudquaquam

110 915 327 977 discrepat
343 951 355 971 ‚
379 913 550 974 majore
577 924 745 959 conatu
765 924 897 975 atque
922 913 1093 975 impetu
1115 927 1208 957 rem
1234 913 1402 969 actam,

109 1005 242 1051 quam
270 987 497 1048 prioribus
517 985 676 1038 annis;
699 984 803 1046 quia
833 985 952 1045 spem
968 1018 981 1040 ,
1012 983 1135 1045 poffe
1158 983 1285 1029 vinci
1310 984 1402 1028 ho-

108 1058 239 1115 stem,
258 1058 446 1103 diglat&
467 1057 730 1113 praebuerat.
751 1056 988 1109 Ceterum,
1003 1054 1259 1116 priusquam
1281 1054 1402 1118 signa

109 1129 167 1175 ab
185 1127 295 1174 urbe
317 1143 452 1172 novae
473 1124 674 1187 legiones
698 1137 967 1181 moverent,
989 1126 1237 1174 decemviri
1258 1129 1403 1175 libros

108 1201 231 1247 adire
264 1212 397 1262 atque
433 1196 648 1260 inspicere
679 1196 778 1259 juffi
812 1211 1000 1260 propter
1038 1198 1219 1244 territos
1253 1199 1401 1261 vulgo

108 1271 318 1318 homines
351 1271 488 1316 novis
515 1270 744 1333 prodigiis.
774 1288 902 1327 nam,
921 1272 971 1316 &
991 1271 1151 1316 Romae
1175 1271 1220 1315 in
1240 1271 1400 1317 Aven-

105 1345 210 1392 tino
239 1345 289 1391 &
321 1342 510 1401 Ariciae,
532 1343 783 1388 nuntiatum
809 1357 929 1397 erat,
966 1342 1044 1388 sub
1072 1343 1191 1389 idem
1221 1354 1399 1403 tempus

107 1417 331 1480 lapidibus
352 1415 506 1478 pluiffe
529 1433 539 1462 :
566 1417 616 1462 &
640 1416 785 1461 multo
814 1432 975 1462 cruore
1002 1415 1123 1478 signa
1148 1415 1194 1459 in
1225 1415 1399 1462 Sabinis

108 1489 270 1546 caedis,
301 1505 434 1551 aquas
469 1504 492 1534 e
528 1487 656 1534 fonte
695 1487 858 1534 calidas
899 1487 1103 1533 manaffe.
1134 1488 1182 1532 Id
1216 1488 1399 1549 quidem

107 1562 244 1608 etiam
262 1597 274 1618 ‚
295 1561 421 1623 quod
441 1559 597 1624 saepius
616 1560 865 1619 acciderat,
886 1561 1023 1623 magis
1039 1562 1253 1616 terrebat3
1282 1564 1331 1608 &
1348 1562 1399 1607 in

107 1636 185 1683 via
215 1636 478 1694 Fornicata,
513 1652 613 1697 quae
642 1635 696 1680 ad
720 1636 942 1697 Campum
969 1649 1085 1690 erat,
1111 1634 1286 1697 aliquot
1309 1635 1400 1680 ho—

108 1710 254 1756 mines
281 1708 334 1754 de
356 1708 479 1755 coelo
507 1708 609 1754 mili
629 1708 964 1771 exanimatique
986 1707 1175 1753 fuerant.
1205 1710 1268 1752 Ea
1287 1725 1400 1768 pro-
1440 1756 1442 1759 ,

108 1781 228 1844 digia
265 1797 322 1827 ex
356 1780 481 1826 libris
515 1793 768 1843 procurata.
812 1781 960 1843 Legati
991 1799 1015 1826 a
1046 1780 1188 1825 Paesto
1222 1793 1397 1840 pateras

107 1872 262 1903 aureas
291 1857 486 1901 Romam
511 1854 769 1900 attulerunt.
796 1854 874 1911 iis,
907 1852 1018 1899 sicut
1050 1854 1396 1915 Neapolitanis,

108 1926 260 1990 gratiae
278 1926 380 1972 3&ae
398 1962 411 1983 ‚
436 1943 589 1972 aurum
610 1942 706 1972 non
724 1939 971 1988 acceptum.

176 2002 413 2047 XXXVII.
461 2002 544 2047 Per
572 2001 757 2057 eosdem
793 2001 885 2047 dies
918 2001 974 2047 ab
1017 2002 1217 2047 Hierone
1253 2001 1396 2048 classis

110 2071 285 2118 Ostiam
313 2088 415 2118 cum
438 2089 602 2135 magno
627 2086 882 2120 commeatu
904 2073 1094 2119 acceffit.
1123 2073 1273 2135 Legati
1302 2078 1396 2135 Sy-

108 2144 310 2191 racusani
338 2144 385 2190 in
415 2143 610 2191 senatum
638 2144 884 2191 introducti
909 2146 1175 2190 nuntiarunt
1199 2162 1209 2189 ε
1239 2148 1396 2192 Caedem

111 2222 158 2266 C.
193 2221 395 2264 Flaminii
429 2219 611 2279 confidis
639 2220 911 2280 exercitusque
943 2222 1120 2264 allatam
1155 2222 1260 2264 adeo
1293 2238 1393 2281 aegre

109 2290 242 2354 tuliffl
267 2310 392 2354 regem
422 2294 672 2349 Hieronem,
699 2308 746 2338 ut
770 2297 889 2338 nulla
909 2293 998 2353 sua
1009 2295 1182 2352 propria
1208 2297 1395 2354 regnique

97 2365 174 2425 sui
212 2368 327 2410 clade
366 2368 521 2411 moveri
556 2369 692 2427 magis
722 2369 917 2427 potuerit.
953 2367 1124 2426 Itaque,
1155 2383 1391 2425 quanquam

101 2439 227 2497 probe
247 2438 390 2497 sliat,
420 2441 752 2499 magnitudinem
766 2441 918 2501 populi
943 2440 1134 2486 Romani
1155 2439 1393 2492 admirabig

175 2510 225 2555 T.
251 2510 368 2554 Livii
401 2514 500 2556 Vol.
524 2515 608 2558 IV.
1092 2509 1140 2557 D
