1628 2890
251 129 344 180 88⁴
614 130 1175 179 T1T1L1v11

250 259 407 286 novum
438 242 645 299 coaptetis.
680 240 814 284 Citari
833 238 1032 302 singulos
1052 240 1267 300 senatores
1291 239 1470 297 jubebo,
1489 244 1540 288 de

251 331 423 373 quorum
454 314 586 372 capite
610 328 686 356 vos
715 310 940 371 confidam.
982 313 1096 372 quod
1118 315 1171 358 de
1193 330 1348 372 quoque
1376 313 1538 373 censue-

251 388 373 442 ritis,
395 387 484 445 fiet.
528 387 615 430 Sed
634 387 754 444 prius
781 387 826 429 in
854 384 945 441 ejus
975 388 1109 429 locum
1143 387 1277 430 virum
1301 384 1455 444 fortem
1488 404 1539 432 ac

237 459 454 524 strenuum
473 475 628 503 novum
637 457 870 517 senatorem
897 459 1147 518 cooptabitis
1160 491 1174 513 ,
1197 475 1319 517 quam
1337 462 1384 504 dc
1404 461 1540 504 noxio

240 531 504 591 supplicium
523 530 732 590 fimatur.
769 528 875 574 Inde
907 526 1138 585 consedit,
1166 527 1242 585 &,
1278 528 1540 575 nominibus

249 602 299 649 in
329 619 489 649 urnam
515 601 730 663 conjeffls
747 637 761 660 ,
782 601 934 660 citari,
960 599 1086 663 quod
1105 592 1297 662 {nimum
1317 600 1436 648 sorte
1456 618 1542 647 no-

250 693 358 724 men
379 676 576 736 excidit,
596 676 827 740 ipsumque
855 692 879 723 e
902 675 1024 722 curia
1049 674 1271 738 produci,
1291 673 1421 736 juffit.
1445 673 1540 722 Ubi

252 749 456 798 auditum
485 749 548 797 est
577 767 745 797 nornen
763 786 777 807 ,
809 749 975 795 malum
1008 750 1058 796 &
1086 748 1345 811 improbum
1374 763 1459 811 pro
1496 748 1540 795 se

251 823 442 888 quisque
464 823 654 870 clamare
670 859 683 882 ‚
714 824 763 871 &
784 820 1006 885 supplicio
1030 821 1228 884 dignum.
1257 824 1375 869 Tum
1398 824 1539 868 Pacu-

253 897 383 957 vius,
421 900 584 954 Video,
615 915 701 958 qttae
731 900 780 942 de
810 899 886 942 lzoc
904 897 1114 957 sententia
1132 895 1197 960 stt
1229 898 1345 941 data.
1378 897 1541 958 Eligite

248 992 329 1036 pro
355 975 468 1018 malo
499 988 620 1032 atque
648 971 834 1031 improbo
865 971 1016 1015 bonurn
1040 969 1275 1029 senatorem
1304 967 1346 1015 Θ
1368 969 1539 1035 jttstum.

251 1044 408 1092 Primo
442 1043 667 1091 silentium
701 1054 795 1089 erat
824 1041 978 1104 inopia
1010 1041 1206 1104 potioris
1239 1040 1541 1103 subjiciundi;

251 1119 449 1178 deinde,
481 1136 584 1167 cum
625 1117 786 1182 aliquis
806 1152 820 1174 ,
852 1115 1008 1163 omiffa
1037 1115 1311 1163 verecundia
1330 1152 1344 1174 ,
1378 1133 1540 1178 quem-

251 1191 376 1256 piam
406 1191 675 1238 nominasset
694 1226 707 1247 ,
747 1189 893 1237 multo
928 1188 1076 1248 major
1109 1188 1339 1252 extemplo
1367 1188 1541 1236 clamor

253 1264 510 1320 oriebatur,
542 1281 645 1311 cum
666 1262 741 1310 alii
773 1275 985 1326 negarent
1005 1262 1126 1309 noffe
1146 1281 1160 1318 3
1181 1262 1257 1310 alii
1285 1280 1408 1310 nunc
1427 1280 1540 1326 pro-

252 1336 336 1385 bra
355 1372 369 1395 ,
399 1353 519 1383 nunc
549 1335 844 1383 humilitatem
882 1334 1193 1398 sordidamque
1225 1334 1427 1398 inopiam
1447 1371 1461 1394 ,
1491 1337 1542 1385 &

251 1410 476 1474 pudendae
506 1409 610 1457 artis
635 1420 709 1455 aut
740 1406 930 1471 quaestus
951 1425 1113 1472 genus,
1135 1407 1399 1469 objicerent.
1435 1410 1541 1457 Hoc
1566 1456 1569 1458 ,

254 1484 404 1531 multo
440 1483 579 1548 magis
607 1483 655 1529 in
690 1482 886 1530 secundo
915 1499 966 1530 ac
992 1482 1131 1529 tertio
1160 1483 1299 1530 citato
1333 1483 1540 1531 senatore

253 1557 320 1605 est
348 1557 510 1605 faetum
531 1576 542 1604 τ
570 1569 620 1605 ut
646 1557 778 1620 ipsius
814 1556 1035 1619 poenitere
1055 1556 1262 1604 homines
1280 1570 1540 1621 appareret;

251 1649 389 1696 quem
423 1645 572 1679 autem
607 1631 654 1678 in
684 1631 778 1692 ejus
810 1629 1120 1677 substituerent
1152 1631 1338 1687 locum,
1369 1630 1538 1678 deefl'e:

251 1706 359 1770 quia
395 1723 479 1754 nec
515 1706 694 1754 eosdem
729 1703 958 1751 nominari
992 1703 1241 1762 attinebat,
1279 1701 1391 1749 nihil
1419 1701 1542 1749 aliud

250 1798 390 1844 quam
410 1781 465 1828 ad
484 1780 703 1828 audienda
724 1778 891 1842 probra
914 1776 1202 1836 nominatos,
1223 1777 1272 1824 &
1291 1775 1436 1822 multo
1456 1776 1539 1822 hu-

251 1854 457 1902 miliores
483 1853 855 1915 obscurioresque
882 1851 1019 1899 ceteri
1052 1863 1177 1898 erant
1207 1850 1269 1897 eis
1287 1886 1301 1908 ,
1332 1849 1412 1914 qui
1445 1850 1541 1913 pri-

251 1928 318 1975 mi
344 1927 574 1974 memoria:
597 1925 908 1975 occurrebant.
944 1927 1008 1972 lta
1035 1924 1170 1971 dilabi
1194 1923 1399 1970 homines
1419 1959 1432 1981 ,
1456 1940 1539 1971 no·

251 1999 464 2047 tiffimum
485 2000 699 2065 quodque
727 1999 896 2047 malum
912 1999 1106 2046 maxime
1134 1997 1369 2044 tolerabile
1386 1996 1542 2043 dicen-

250 2084 320 2121 ‘tes
352 2074 462 2130 effe,
491 2072 785 2137 jubentesque
805 2071 1001 2119 senatum
1026 2088 1082 2118 ex
1109 2070 1312 2119 custodia
1329 2069 1508 2116 dimitti.

329 2149 405 2193 IV.
442 2147 549 2194 Hoc
580 2147 722 2194 modo
752 2145 975 2194 Pacuvius
1007 2162 1110 2193 cum
1141 2143 1399 2191 obnoxium
1433 2141 1542 2189 vitae

248 2217 480 2267 ‘heneficio
500 2218 701 2266 senatum
738 2220 887 2266 multo
916 2218 996 2265 fibi
1024 2217 1188 2282 magis,
1219 2233 1353 2281 quam
1390 2214 1541 2277 plebi,

251 2290 425 2338 feciffet
444 2327 459 2348 ,
487 2289 580 2338 fine
603 2290 737 2338 armis
755 2327 768 2349 ,
800 2290 889 2351 jam
918 2290 1130 2338 omnibus
1159 2286 1542 2345 concedentibus,

252 2361 584 2410 dominabatur.
619 2363 741 2411 Hine
772 2362 1026 2421 senatores,
1051 2361 1209 2409 omissa
1239 2359 1464 2424 dignitatis
1483 2358 1542 2406 li-

253 2434 527 2502 bertatisque
553 2436 801 2500 memoria,
820 2435 998 2503 plebem
1019 2434 1215 2496 adulari,
1236 2433 1442 2495 salutare,
1459 2431 1542 2483 hee
