1628 2890
207 123 304 185 ·426
560 119 1117 171 T1T1L1v11

209 248 310 278 cum
338 227 490 293 paucis
521 241 624 275 ante
654 229 810 276 diebus
829 246 885 275 ex
902 228 1046 275 Sicilia
1065 228 1253 276 rediffet.
1284 228 1344 277 Hi
1366 233 1490 277 nun:

210 304 319 349 tiare
347 302 520 348 consuli
542 301 640 364 juffi
659 337 674 362 ‚
702 315 781 361 ut,
817 302 847 348 fi
880 303 933 348 ad
961 302 1144 349 comitia
1171 302 1260 365 ipse
1290 304 1488 349 Romam

210 377 367 422 venire
400 392 494 421 non
516 376 662 440 poffet
677 413 690 436 ,
713 378 975 424 diRatorem
995 376 1041 421 in
1063 392 1171 440 agro
1190 377 1402 422 Romano
1420 375 1489 421 di-

207 460 327 494 ceret
348 449 642 496 comitiorum
665 449 809 497 causa.
845 450 890 496 Si
921 448 1081 496 consul
1100 450 1346 496 Tarentum
1374 464 1489 511 pro-

207 520 346 566 feehts
364 520 468 566 effet
484 556 498 578 ‚
520 522 582 581 Q.
598 522 837 569 Claudium
863 535 1104 585 praetorem
1122 523 1296 585 placere
1323 522 1370 567 in
1388 538 1489 568 eam

207 593 442 656 regionem
472 593 577 640 inde
601 594 820 642 abducere
843 594 1073 659 legiones,
1100 595 1147 641 in
1166 612 1253 658 qua
1276 594 1494 657 plurimas

208 668 437 715 sociorum
462 668 594 716 urbes
614 670 730 716 tueri
757 670 914 733 poffet.
949 670 1116 716 Eadem
1144 669 1289 715 aestate
1312 670 1377 714 M.
1394 671 1491 714 Va·-

207 741 345 789 lerius
367 760 468 790 cum
490 742 618 790 claffe
637 755 818 790 centum
849 743 1035 790 navium
1064 760 1118 789 ex
1139 741 1286 788 Sicilia
1306 741 1352 787 in
1372 740 1488 787 Afri-

209 832 308 863 cam
328 815 596 863 transmifit:
629 818 708 875 &‚
731 817 783 863 ad
804 817 1022 879 Clupeam
1049 815 1206 862 urbem
1236 813 1493 860 exscensio-

212 905 272 934 ne
304 887 442 946 faela,
472 905 625 952 agrum
648 890 760 948 late,
787 888 914 936 nullo
945 888 1082 934 ferme
1108 887 1252 935 obvio
1283 898 1494 942 armato,

211 961 423 1009 vastabat.
453 961 555 1009 inde
580 961 635 1008 ad
658 978 797 1008 naves
818 960 978 1024 raptim
1003 961 1277 1023 praedatores
1298 957 1496 1021 recepti,

209 1035 318 1099 quia
336 1046 518 1097 repente
546 1033 662 1080 fama
687 1034 872 1090 accidit,
893 1033 1067 1080 claffem
1088 1034 1300 1080 Punicam
1319 1033 1494 1079 adven·-

210 1122 318 1155 tare.
350 1107 580 1170 oclog'mta
612 1119 739 1153 erant
769 1108 820 1154 &
849 1120 937 1152 tres
963 1122 1114 1152 naves.
1154 1106 1273 1151 Cum
1294 1105 1349 1151 iis
1378 1103 1496 1150 hanel

210 1179 372 1244 procul
400 1179 575 1242 Clupea
613 1177 825 1241 prospere
855 1189 1022 1241 pugnat
1058 1178 1300 1223 Romanus.
1337 1176 1495 1223 decem

210 1258 262 1302 &
292 1255 399 1300 offilo
428 1253 621 1300 navibus
653 1253 821 1315 captis,
855 1251 1017 1314 fugatis
1044 1250 1174 1308 aliis,
1208 1267 1310 1296 cum
1339 1266 1497 1311 magna

210 1327 403 1374 terrestri
422 1327 658 1390 navalique
676 1326 825 1390 praeda
841 1362 856 1384 ‚
880 1325 1136 1389 Lilybaeum
1159 1323 1302 1370 rediit.
1333 1323 1498 1369 Eadem

213 1401 359 1447 aestate
378 1403 428 1449 &
449 1402 684 1464 Philippus
712 1400 1062 1464 implorantibus
1081 1398 1260 1447 Achaeis
1280 1397 1499 1445 auxilium
1552 1432 1555 1434 v
1626 1377 1628 1419 ἶ

212 1476 330 1521 tulit.
366 1491 482 1537 quos
498 1476 550 1522 &
567 1474 857 1521 Machanidas
876 1486 1098 1538 tyrannus
1124 1472 1499 1520 Lacedaemonio-

212 1565 312 1596 rum
338 1547 532 1595 finitimo
562 1548 683 1595 bello
711 1548 894 1602 urebat3
923 1548 972 1595 &
1001 1546 1168 1605 AEt01i‚
1200 1545 1391 1592 navibus
1420 1560 1501 1607 per

213 1622 539 1686 fretum,.quod
553 1623 831 1685 Naupachim
844 1623 894 1669 &
907 1623 1051 1669 Patras
1065 1619 1279 1667 interfluit
1289 1655 1302 1676 ‚
1316 1618 1501 1682 (Rhion

215 1696 379 1742 in‘colae
397 1695 598 1760 vocant)
620 1696 821 1743 exercitu
840 1693 1026 1754 traJeElo
1043 1730 1058 1752 ‚
1079 1691 1340 1755 depopulati
1358 1702 1501 1736 erant.

215 1769 416 1815 Attalum
441 1784 626 1832 quoque
651 1785 799 1832 regem
826 1768 960 1826 Afiae,
989 1766 1094 1829 quia
1116 1765 1256 1814 AEtoli
1277 1764 1499 1811 summum

217 1841 361 1904 gentis
395 1840 480 1887 suae
508 1841 806 1904 magistratum
841 1840 897 1886 ad
924 1857 1024 1886 eum
1048 1839 1263 1901 proximo
1295 1836 1500 1884 concilio

216 1914 468 1962 detulerant
481 1951 495 1973 ‚
514 1913 630 1962 fama
652 1926 742 1962 erat
762 1915 807 1961 in
827 1917 1055 1976 Europam
1074 1911 1379 1974 trajeosturum.

282 1990 441 2037 XXX.
459 1989 538 2036 Ob
556 1989 655 2037 haec
672 1988 885 2050 Philippo
905 1988 951 2034 in
972 1987 1196 2033 Graeciam
1217 1981 1504 2031 descendenti

218 2063 275 2109 ad
300 2063 497 2109 Lamiam
520 2062 679 2109 urbem
701 2061 842 2108 AEtoli
857 2097 870 2115 ,
901 2059 1011 2107 duce
1041 2058 1232 2123 Pyrrhia
1253 2094 1266 2115 ‚
1287 2057 1364 2119 qui
1388 2072 1503 2118 prae-

219 2148 295 2180 ror
317 2136 365 2181 ‘in
385 2152 488 2183 eum
505 2152 670 2182 annum
691 2151 794 2181 cum
820 2133 997 2180 absente
1020 2132 1174 2180 Atta-lo
1192 2143 1364 2179 creatus
1383 2143 1503 2186 erat,

221 2221 532 2254 occurrerunt.
563 2207 798 2254 Habebant
816 2208 866 2253 &
888 2206 943 2252 ab
964 2204 1118 2251 Attalo
1140 2203 1304 2250 auxilia
1321 2202 1467 2249 secum
1490 2219 1504 2246 :t

223 2279 273 2324 δέ
296 2278 418 2324 mille
435 2278 572 2325 ferme
594 2295 649 2325 ex
669 2280 875 2324 Romana
896 2277 1048 2334 claffe,
1068 2294 1092 2323 a
1111 2277 1159 2322 P.
1179 2273 1381 2337 Sulpicio
1398 2272 1503 2318 mis-

224 2349 311 2396 sos.
342 2349 567 2397 Adversus
593 2352 711 2398 hunc
745 2352 905 2396 ducem
936 2361 1067 2411 atque
1104 2348 1180 2393 has
1208 2346 1362 2406 copias
1394 2344 1504 2389 Phi-

224 2422 372 2487 lippus
400 2422 468 2470 bis
496 2421 715 2487 prospero
739 2432 910 2471 eventu
930 2419 1175 2483 pugnavit:
1207 2415 1328 2465 mille
1348 2415 1506 2463 admo-

1621 0 1628 24 --,
