1628 2890
223 142 308 206 158
557 114 1138 181 ‘TVITILIVII

214 247 416 296 hostibus
451 253 608 300 erant,
639 238 766 289 velut
804 230 1033 286 obsidibus
1068 240 1180 287 datis
1200 276 1212 296 ,
1240 238 1503 303 pigneratos

213 320 427 368 haberent
443 315 647 372 animos,
673 313 801 377 pauci.
823 312 962 375 magis
984 311 1107 358 taciti
1127 311 1372 374 probarent
1391 327 1504 358 con-

214 393 401 439 stantem
440 387 576 434 fidem
599 423 615 445 ,
653 403 789 450 quam
826 385 1060 449 probatam
1095 385 1214 432 tueri
1252 385 1505 440 auclerent3

213 463 337 511 haud
367 460 507 507 dubio
532 459 581 505 in
605 458 797 523 speciem
830 457 1049 505 consensu
1072 455 1124 504 fit
1147 458 1203 504 ad
1222 459 1394 504 Poenos
1428 456 1507 502 de-

211 537 328 584 ditio
352 552 364 581 ε
397 536 445 580 Ι...
464 532 608 579 Atilio·
630 530 844 594 praefe&o
870 528 1088 592 praesidii,
1116 529 1283 593 quique
1313 546 1416 576 cum
1447 545 1505 575 eo

214 609 379 657 milites
405 606 607 653 Romani
640 617 793 663 erant,
826 604 941 652 clam
977 604 1026 650 in
1062 615 1247 666 portum
1277 603 1506 660 deduius,

212 695 347 746 atque
374 678 595 742 imp0fitis
619 677 664 723 in
689 694 831 725 naves
849 712 864 735 ‚
890 689 941 724 ut
968 675 1196 740 Rhegium
1225 676 1507 725 deveheren-

212 770 310 815 tur‚
339 753 640 801 Hamilcarem
664 752 923 815 Poenosque
953 769 1005 798 ea
1027 751 1317 810 conditione,
1346 768 1397 799 ut
1419 751 1507 798 foe-

212 830 297 876 dus
327 825 558 889 extemplo
589 824 728 888 aequis
754 824 927 889 legibus
955 823 1108 883 fieret,
1128 824 1175 872 in
1197 824 1354 871 urbem
1376 840 1510 871 acce-

213 912 393 966 perunt.
435 896 565 960 cujus
592 897 657 943 rei
690 914 834 960 prope
865 913 963 943 non
998 897 1173 944 servata
1205 895 1315 944 fides
1349 896 1509 943 deditis

213 975 306 1034 est,
343 991 449 1022 cum
478 973 651 1018 Poenus
680 972 793 1018 dolo
828 971 1050 1017 dimissum
1080 972 1346 1018 Romanum
1375 971 1509 1018 incu-

214 1048 356 1104 saret;
387 1042 634 1092 Locrenses
660 1042 904 1108 profugisse
923 1043 1070 1106 ipsum
1089 1044 1400 1091 causarentur.
1434 1046 1510 1089 In-

217 1120 361 1170 secuti
380 1119 514 1167 etiam
539 1117 712 1181 equites
729 1115 852 1176 sunt,
882 1118 915 1163 fi
942 1134 1036 1182 quo
1057 1116 1158 1164 casu
1175 1118 1223 1163 in
1243 1115 1362 1163 freto
1385 1115 1512 1163 aestus

216 1193 415 1253 morari,
442 1204 517 1240 aut
544 1191 715 1238 deferre
736 1207 880 1238 naves
905 1191 951 1237 in
973 1202 1135 1238 terram
1163 1191 1319 1254 poffet.
1352 1192 1404 1237 &
1431 1206 1512 1235 eos

218 1267 429 1331 quidem,
458 1280 575 1328 quos
602 1262 933 1326 sequebantur,
956 1278 1053 1308 non
1086 1261 1186 1310 sunt
1208 1261 1382 1325 adepti:
1409 1262 1513 1308 alias

217 1356 243 1386 a
273 1338 467 1385 Messana
499 1335 771 1397 trajicientes
810 1334 929 1380 freto
961 1333 1186 1398 Rhegium
1219 1350 1360 1381 naves
1396 1350 1514 1381 con-

222 1413 478 1476 spexerunt.
520 1409 688 1456 Milites
715 1419 840 1456 erant
861 1408 1093 1464 Romani,
1118 1425 1143 1454 a
1171 1407 1367 1454 Claudio
1394 1425 1513 1471 prae-
1538 1446 1549 1452 ,

218 1500 320 1532 tore
351 1482 463 1529 missi
497 1482 553 1529 ad
585 1478 880 1528 obtinendam
913 1480 1071 1526 urbem
1100 1479 1324 1542 praefidio.
1361 1480 1513 1543 itaque

219 1557 398 1621 Rhegio
425 1556 656 1619 extemplo
685 1554 926 1602 abscessum
955 1553 1033 1600 est.
1073 1553 1372 1600 Locrenfibus
1397 1552 1515 1616 juffu

219 1631 481 1679 Hannibalis
512 1631 612 1677 data
643 1647 760 1693 pax,
789 1647 836 1675 ut
863 1632 980 1676 liberi
999 1630 1098 1689 suis
1118 1630 1277 1689 legibus
1301 1630 1514 1674 viverent:

220 1709 316 1754 urbs
341 1722 500 1767 pateret
531 1706 709 1764 Poem's,
729 1721 875 1766 portus
906 1707 952 1749 in
975 1704 1216 1770 potestatem
1249 1703 1513 1767 Locren-stum

221 1781 337 1847 fft:
355 1784 538 1843 sbcietas
556 1801 599 1828 eo
618 1781 854 1847 jurestaret
866 1816 880 1838 ‚
903 1796 949 1825 uc
967 1779 1122 1824 Poenus
1138 1779 1290 1823 Locren
1282 1778 1375 1838 JZ’m
1389 1813 1406 1834 ,
1424 1780 1512 1823 Lo·-

222 1857 442 1921 cretzfisquc
465 1858 642 1901 Poenum
651 1874 756 1917 pace
778 1873 827 1900 ac
846 1857 949 1900 bello
963 1853 1149 1910 juvaret.

288 1932 338 1976 11.
373 1929 445 1976 Sic
474 1947 499 1975 a
521 1928 640 1975 freto
665 1926 797 1974 Poeni
828 1925 1024 1984 reduffi,
1054 1923 1349 1972 frementibus
1377 1924 1512 1970 Brut-

222 2002 295 2050 tiis
308 2040 323 2063 ,
340 2004 466 2067 quod
482 2002 710 2067 Rhegium
730 2020 781 2050 ac
797 2004 973 2049 Locros
987 2037 1003 2058 ,
1031 2016 1140 2064 quas
1161 1999 1293 2046 urbes
1313 1996 1511 2059 direptu-

223 2092 301 2122 ros
334 2076 376 2123 se
416 2075 780 2133 destinaverant,
815 2074 998 2121 intae'tas
1031 2071 1321 2135 reliquissent.
1358 2072 1513 2132 Itaque

224 2167 304 2213 per
334 2150 374 2197 se
405 2151 512 2214 ipsi,
550 2149 819 2213 conscriptis
845 2146 1110 2210 armatisque
1139 2144 1391 2208 juventutis
1424 2143 1512 2189 suae

224 2224 483 2288 quindecim
515 2225 713 2272 millibus
733 2261 747 2283 ‚
782 2224 838 2270 ad
870 2223 1128 2269 Crotonem
1155 2217 1512 2283 oppugnandum

225 2312 415 2362 pergunt
442 2300 533 2357 ire,
567 2301 773 2345 Graecam
801 2298 852 2344 δε
879 2295 1017 2359 ipsam
1044 2295 1200 2342 urbem
1215 2292 1311 2348 ‚*&
1338 2291 1515 2339 mariti-

176 2405 180 2408 ⁴
224 2389 364 2418 mam:
396 2371 637 2435 plurimum
656 2371 927 2419 accefl'urum
949 2368 1111 2430 opibus
1127 2404 1140 2427 ,
1162 2367 1192 2412 {i
1214 2366 1261 2413 in
1279 2383 1357 2412 ora
1378 2365 1511 2412 maris

223 2445 380 2493 urbem
408 2461 546 2509 portu
577 2463 627 2493 ac
660 2444 891 2493 moenibus
913 2442 1108 2493 validam
1137 2439 1401 2499 tenuiffent,
1424 2457 1516 2487 crs„
