1628 2890
197 152 284 202 108
540 150 1097 200 TITILIVII

191 269 300 305 runt
319 294 335 316 ‚
373 256 626 320 priusquam
657 242 1032 304 continuarentur
1066 257 1263 306 hostium
1297 266 1471 322 opera}

192 347 273 392 per
292 329 529 376 intermissa
553 329 832 378 munimenta
851 331 1154 395 negle&asque
1175 333 1395 396 custodias
1414 335 1473 381 fia

191 402 333 448 lentio
353 401 497 448 nostis
526 401 678 464 dilapsi
695 437 709 460 ,
727 419 806 466 per
824 404 922 450 vias
950 404 1163 468 inviaque
1175 442 1190 465 ,
1209 423 1296 470 qua
1314 423 1469 470 quema
1493 400 1495 405 ’

190 491 280 537 que
311 485 386 519 aut
421 474 656 520 confilium
682 486 757 521 aut
794 491 918 522 error
946 477 1072 535 tulit,
1099 477 1160 523 in*
1176 479 1305 526 urbes
1333 480 1468 526 Cam-

188 544 334 609 paniae
353 581 368 602 ,
394 562 502 608 quas
531 545 630 592 satis
659 558 831 593 certum
862 559 953 594 erat
977 564 1072 594 non
1101 549 1282 596 mutaffe
1303 549 1467 610 fidem,

188 618 495 683 perfugerunt.
529 621 780 680 Hannibal,
812 621 988 669 Acerris
1015 623 1199 685 direptis
1228 635 1359 687 atque
1390 624 1465 670 in·-

189 693 329 740 cenfis
342 710 477 755 „cum
496 711 520 740 a
538 693 738 741 Cafilino
758 693 1021 741 diEtatorem
1041 695 1299 741 Romanum
1317 696 1466 760 legIO-

189 765 356 829 nesque
378 784 526 815 novas
558 767 691 815 acciri
711 767 1004 826 nuntiassent,
1035 761 1104 814 ne'
1123 768 1222 832 quis
1240 781 1330 816 tam
1359 787 1467 832 pro-

188 838 370 903 pinquis
394 840 587 887 hostium
618 840 768 888 castris
792 841 996 902 Capuam
1023 857 1208 904 quoque
1239 857 1468 903 recurrat,

187 913 433 960 exercitum
454 914 509 960 ad
523 913 768 961 Casilinum
793 913 929 960 ducit.
949 913 1197 960 Casilinum
1213 930 1270 961 eo
1291 926 1469 978 tempo·

188 1002 235 1032 re
262 987 493 1051 quingenti
513 987 767 1034 Praenestini
794 987 1040 1046 habebant,
1067 1005 1168 1034 cum
1198 988 1350 1050 paucis
1367 990 1468 1036 Ro-

187 1058 329 1105 manis
348 1056 583 1125 Latinique
604 1059 801 1107 nominis
816 1096 829 1116 ‚
859 1076 974 1123 quos
994 1061 1153 1107 eodem
1174 1061 1322 1108 audita
1345 1063 1466 1108 Can-

187 1134 332 1182 nensis
363 1135 507 1182 clades
543 1133 807 1183 contulerat.
857 1133 938 1191 hi,
974 1150 1069 1179 non
1102 1134 1311 1181 confeito
1344 1136 1467 1181 Prae-

188 1206 308 1253 neste
337 1208 390 1253 ad
409 1207 523 1254 diem
551 1207 720 1253 deleflu
736 1243 748 1264 ‚
785 1205 920 1253 serius
946 1205 1136 1267 profeffl
1160 1207 1298 1252 domo
1314 1243 1328 1265 ,
1361 1224 1466 1254 cum

187 1279 432 1327 Casilinum
464 1292 565 1327 ante
599 1281 794 1327 adversae
823 1297 985 1343 pugnae
1015 1279 1175 1326 famam
1209 1280 1465 1339 venissent,

187 1354 238 1399 &
261 1352 357 1399 aliis
386 1371 672 1418 aggregarent
706 1353 791 1399 sese
819 1351 1036 1398 Romanis
1071 1351 1286 1415 sociisque
1306 1389 1320 1411 ,
1352 1369 1464 1416 pro-

187 1424 289 1473 feffi
308 1446 332 1474 a
346 1428 542 1474 Casilino
565 1444 666 1474 cum
687 1427 784 1472 satis
805 1441 967 1488 magno
985 1425 1160 1487 agmine
1181 1425 1323 1483 irentg,
1342 1443 1467 1472 aver·
1535 1450 1540 1453 ·

186 1500 242 1545 tit
264 1516 342 1547 eos
361 1512 483 1547 retro
502 1501 747 1547 Casilinum
765 1500 947 1546 nuntius
964 1499 1266 1546 Cannenenfis
1283 1517 1464 1564 pugnae.

187 1574 372 1621 ibicum
403 1575 492 1621 dies
524 1575 728 1638 aliquot,
757 1574 939 1637 suspeffi
962 1574 1203 1637 Campanis
1229 1574 1460 1622 timentes-

187 1663 300 1709 que,
335 1648 547 1694 cavendis
591 1665 642 1693 ae
677 1647 898 1707 struendis
931 1645 1126 1694 invicem
1167 1646 1333 1693 insidiis
1370 1660 1462 1694 tra-

186 1720 435 1779 duxissent,
467 1720 644 1783 jamque
674 1721 726 1766 de
754 1722 921 1782 Capuae
942 1718 1191 1765 defeffione
1211 1719 1310 1782 agi,
1340 1719 1462 1766 acci-

185 1791 324 1854 pique
348 1793 643 1851 Hannibalem
674 1792 769 1838 satis
797 1809 880 1855 pro
911 1804 1035 1838 certo
1061 1791 1282 1849 habuere,
1319 1790 1462 1837 inter-

185 1866 313 1914 feffis
345 1867 476 1914 no&e
502 1866 737 1929 'oppidanis
752 1901 763 1922 ,
783 1878 951 1928 partem
972 1864 1120 1923 urbis,
1143 1882 1242 1927 quae
1265 1866 1329 1912 cis
1347 1866 1463 1911 Vul-

186 1952 369 1987 turnum
408 1940 500 1999 est,
546 1940 630 2005 (eo
664 1941 782 1986 enim
822 1939 1040 1985 dividitur
1075 1936 1227 2000 amni)
1263 1954 1461 1999 occupa-

187 2030 310 2060 vere.
343 2013 474 2075 idque
504 2013 752 2075 praesidium
785 2012 967 2059 Casilini
1002 2011 1225 2058 habebant
1252 2010 1463 2058 Romani.

187 2086 376 2132 Additur
399 2088 450 2134 &
477 2087 680 2133 Perusina
703 2086 866 2132 cohors
883 2122 895 2143 ,
917 2084 1124 2131 homines
1147 2083 1460 2147 quadringenti

186 2157 411 2222 sexaginta
433 2195 446 2218 ,
481 2160 639 2205 eodem
661 2158 821 2205 nuntio
843 2195 855 2214 ,
887 2173 977 2219 quo
999 2155 1255 2202 Praenestini
1290 2171 1460 2218 paucos

186 2244 290 2278 ante
318 2231 410 2278 dies
428 2268 442 2289 ‚
474 2231 716 2278 Casilinum
748 2230 978 2292 compulsi.
1021 2230 1070 2275 δε
1096 2229 1197 2275 satis
1226 2229 1363 2275 ferme
1391 2245 1463 2274 ar-

186 2316 411 2348 matorum
439 2301 494 2347 ad
520 2312 607 2347 tam
634 2301 792 2363 exigua
820 2300 1017 2356 moenia,
1048 2297 1298 2346 &flumine
1326 2298 1462 2345 altera

186 2384 311 2435 parte
351 2372 492 2419 cin&a
514 2408 527 2430 ,
560 2372 723 2418 tuenda
753 2384 859 2417 erat.
894 2369 1081 2441 penuria
1113 2368 1351 2425 frumenti,
1387 2368 1460 2415 ni-

187 2446 330 2495 mium
349 2445 481 2494 etiam
507 2460 556 2493 ut
577 2444 803 2494 videretur
827 2443 1061 2492 hominum
1076 2478 1093 2502 ‚
1112 2441 1345 2491 efficiebat.
