1628 2890
272 115 808 167 HisTomARUM
854 115 980 160 ΜΒ.
1024 113 1227 160 xxvi.
1299 127 1387 174 319

110 225 260 289 juffit,
303 222 631 288 imperavitque
645 257 659 280 ,
696 236 746 269 ut
788 221 1059 285 produceret
1098 221 1357 283 Campanos
1376 255 1392 279 ,

111 315 230 361 quos
257 298 302 344 in
333 296 535 345 custodia
564 294 759 342 haberet.
788 293 997 340 Produffl
1015 309 1173 340 omnes
1190 327 1203 352 ‚
1231 292 1391 356 virgis-

110 388 200 434 que
227 370 322 418 caefi
336 405 352 427 ,
376 388 427 419 ac
446 369 587 418 securi
609 366 810 432 percuffi.
836 368 942 414 Inde
962 368 1100 415 citato
1120 384 1239 430 equo
1261 367 1392 415 Cales

77 440 79 446 ‘
112 442 365 505 percurrit:
386 442 491 500 ubi,
521 458 623 489 cum
649 440 696 487 in
721 439 936 487 tribunali
965 439 1254 498 consedisset,
1282 456 1395 502 pro—

112 514 320 579 ductique
338 514 557 579 Campani
578 513 877 578 deligarentur
896 513 952 560 ad
971 512 1122 576 palum
1136 550 1151 573 ,
1172 530 1306 576 eques
1327 514 1396 561 ci-

113 601 184 637 tus
211 590 267 636 ab
288 591 433 638 Roma
454 588 582 638 venit
597 623 610 646 ‚
631 587 865 651 literasque
885 603 909 633 a
928 587 982 633 C.
1001 585 1252 650 Calpurnio
1278 601 1396 649 prae-

111 675 215 710 tore
241 663 404 711 Fulvio
435 664 485 712 &
516 655 943 709 senatusconsultum
963 658 1160 705 tradidit.
1190 675 1395 706 murmur

113 736 170 783 ab
189 735 401 783 tribunali
420 747 564 782 totam
585 732 857 782 concionem
876 731 1068 794 pervasit
1081 767 1094 789 ‚
1114 730 1281 777 differri
1302 746 1397 777 rem

111 807 334 874 integram
359 812 413 858 ad
431 811 581 857 Patres
603 809 658 856 de
679 805 937 870 Campanis.
959 806 1009 852 &
1035 804 1220 851 Fulvius
1236 840 1251 864 ,
1272 806 1316 852 id
1337 805 1397 851 ita

114 883 201 931 esse
230 897 381 943 ratus,
410 895 614 946 acceptas
647 882 826 940 literas,
853 895 997 943 neque
1026 878 1263 938 resolutas,
1293 896 1397 927 cum

117 955 165 1002 in
194 955 368 1020 gremio
385 955 668 1019 reposuisset,
686 951 890 1018 praeconi
918 951 1183 1014 imperavit,
1202 963 1252 998 ut
1272 952 1401 999 licffo-

116 1046 212 1077 rem
233 1030 329 1094 lege
355 1047 483 1094 agere
501 1028 687 1092 juberet.
721 1030 784 1074 lta
803 1026 856 1073 de
877 1025 932 1073 iis
952 1040 1160 1089 quoque,
1188 1024 1264 1087 qui
1282 1025 1400 1071 Cali-

116 1102 202 1151 bus
236 1114 393 1162 erant‚
424 1102 615 1149 sumtum
641 1099 924 1164 supplicium.
960 1098 1081 1144 Tum
1108 1096 1249 1146 literae
1277 1098 1401 1143 lectae

116 1173 374 1239 senatusque
394 1174 672 1229 consultum,
703 1173 847 1218 serum
875 1171 929 1218 ad
953 1168 1282 1233 impediendam
1309 1185 1404 1216 rem

115 1247 286 1304 a&am;
313 1263 419 1310 quae
450 1245 620 1293 summa
649 1261 737 1307 ope
765 1254 1061 1307 approperata
1091 1253 1212 1300 erat,
1238 1242 1402 1288 neim-

116 1320 260 1383 pediri
288 1320 445 1383 posset.
479 1318 837 1382 Consurgentem
867 1315 958 1379 jam
987 1314 1198 1364 Fulvium
1225 1315 1403 1362 Taurea

118 1392 333 1440 Jubellius
351 1392 632 1454 Campanus,
647 1408 726 1454 per
742 1389 934 1437 mediam
951 1388 1115 1437 vadens
1134 1387 1292 1435 urbem
1311 1400 1405 1434 tur·-

118 1467 336 1530 bamque,
355 1466 542 1513 nomine
563 1464 824 1512 inclamavit
841 1483 851 1511 :
869 1465 943 1521 &.‚
962 1479 1090 1521 cum,
1111 1460 1404 1509 mirabundus

116 1540 333 1603 quidnam
353 1538 439 1586 sese
468 1536 629 1597 vellet,
660 1536 877 1585 resedisset
896 1536 1080 1582 Flaccus
1095 1569 1109 1592 ‚
1130 1537 1204 1581 Me
1219 1553 1374 1596 quoque
1390 1570 1404 1592 ,

119 1612 292 1675 inquit,
304 1614 401 1668 jube
424 1615 585 1670 occidi,
605 1629 652 1658 uc
664 1614 837 1674 gloriari
850 1610 1001 1672 poffis,
1021 1613 1151 1655 multo
1156 1609 1376 1668 fortiorem
1390 1643 1406 1665 ‚

120 1706 245 1748 quam
263 1687 347 1746 ipfi’
366 1702 406 1732 es
420 1721 432 1743 ‚
452 1689 589 1732 virum
606 1689 681 1731 ahs
698 1701 733 1730 te
761 1686 940 1745 occisum
966 1681 1054 1746 effe.
1084 1681 1205 1727 Cum
1220 1679 1407 1727 Flaccus

121 1769 303 1821 negaret
316 1794 330 1815 ,
353 1758 537 1820 profec‘lo
554 1759 670 1820 stitis
691 1774 914 1818 compotem
940 1757 1088 1801 mentis
1112 1750 1182 1818 eff}
1198 1772 1214 1799 .·
1234 1753 1377 1799 modo
1390 1789 1405 1809 ‚

114 1833 321 1893 prohiberi
339 1833 518 1893 etiamse
531 1831 601 1895 ‚fi
613 1833 661 1876 id
676 1833 803 1885 vellet,
812 1827 1193 1889 senatuscorzficlm,
1213 1825 1403 1871 diceret:

122 1919 218 1952 tum
236 1905 449 1953 Jubellius
461 1940 474 1962 ,
505 1906 855 1967 Quandoquidem
871 1936 885 1960 ,
903 1900 1079 1963 inquit,
1098 1916 1220 1961 capta
1231 1902 1377 1961 patria
1392 1933 1408 1957 ‚

115 1981 364 2040 propz'nquis
385 1980 602 2039 amicisque
632 1976 809 2038 amg'ffik,
834 1994 923 2020 cum
945 1975 1029 2034 ῥιψὶ)
1054 1992 1183 2018 manu
1201 1991 1290 2018 mea
1308 1988 1408 2018 con—

114 2044 259 2114 jugem
284 2053 501 2112 liberofilue
522 2050 808 2108 interfecerim,
829 2067 877 2092 ne
907 2049 1009 2107 quid
1036 2047 1204 2107 indigni
1214 2061 1410 2105 paterens-

119 2142 214 2180 utr,
239 2126 345 2170 milzi
378 2143 428 2169 ne
456 2125 598 2169 mortis
628 2124 788 2181 quidem
819 2122 937 2179 copia
968 2121 1106 2163 eadem
1135 2118 1209 2181 cst,
1229 2131 1314 2177 quw
1342 2118 1409 2164 his

124 2199 284 2245 civibus
309 2198 411 2242 meis
418 2215 438 2251 ;
457 2212 621 2256 petatur
645 2213 671 2239 a
692 2181 840 2239 virtute
869 2193 1010 2251 invise&
1042 2190 1170 2247 liujus
1189 2193 1282 2235 vitae
1309 2191 1409 2235 vin-

125 2274 248 2320 difla.
279 2282 412 2334 atque
430 2269 490 2315 ita
512 2266 661 2331 gladio
677 2303 690 2323 ‚
711 2282 842 2330 quem
863 2264 984 2312 veste
1011 2274 1205 2320 texerat,
1227 2279 1305 2325 per
1333 2262 1408 2309 ad-

122 2343 306 2391 versum
345 2344 496 2406 pectus
529 2340 794 2402 transfixus,
825 2351 926 2387 ante
961 2338 1093 2402 pedes
1126 2335 1408 2399 imperatoris

122 2416 424 2468 moribundus
442 2414 701 2482 procubuit.
