1628 2890
173 139 265 203 346
533 133 1088 182 T1T1L1v11

171 242 397 308 paulisper
431 241 715 298 dubitatum,
745 256 802 286 an
834 237 1108 286 arceffendus
1139 255 1164 285 a
1200 238 1357 301 Capua
1391 238 1456 298 Q.

176 316 359 363 Fulvius
387 314 514 372 esset,
550 313 789 378 (mortuus
826 311 946 361 enim
973 310 1074 374 post
1106 322 1280 373 captam
1314 310 1457 357 Clau-

174 387 271 432 dius
308 384 466 432 consul
500 383 623 449 erat)
659 396 709 430 ut
744 400 900 432 coram
937 382 1238 444 imperatore,
1274 382 1352 445 qui
1389 397 1459 428 res

173 458 360 523 geffiffet
374 495 387 516 ‚
407 458 520 506 ficut
538 458 653 504 inter
670 456 939 504 Marcellum
957 453 1221 518 Siculosque
1242 455 1460 518 discepta-

174 543 271 577 tum
300 529 474 588 fuerat,
498 529 818 592 disceptaretur
838 546 847 574 :
873 527 976 573 dein
995 562 1010 583 ,
1032 542 1133 572 cum
1157 527 1220 572 M.
1240 527 1459 586 Atilium,

176 605 233 651 C·
253 603 464 651 Fulvium
478 601 667 649 'fratrem
685 601 863 658 Flacci,
882 600 1054 664 legatos
1076 596 1170 660 ejus
1185 634 1199 656 ,
1220 615 1270 646 ac
1291 601 1352 659 Q.
1373 600 1460 646 Mi-

176 675 362 723 nucium
399 677 449 723 &
482 677 530 722 L.
565 674 803 721 Veturium
836 671 1073 718 Philonem
1093 706 1106 728 ‚
1137 670 1244 716 item
1281 671 1461 718 Claudii

176 749 379 813 legatos,
410 748 489 813 qui
521 746 732 796 omnibus
763 745 966 810 gerendis
994 745 1124 791 rebus
1143 738 1385 800 affuerant,
1415 744 1463 791 in

178 822 335 870 senatu
366 822 602 879 viderent,
638 838 722 867 nec
756 818 966 867 Fulvium
996 817 1181 865 avocari
1214 835 1238 863 a
1274 817 1462 880 Capua,

179 912 265 942 nec
302 893 467 940 differri
503 894 763 954 Campanos
793 891 997 946 vellent3
1032 890 1329 952 interrogatus
1364 890 1467 937 sen-

181 967 367 1014 tentiam
392 967 456 1013 M.
476 964 640 1012 Atilius
668 964 865 1028 Regulus
885 1000 900 1022 ‚
929 962 1053 1024 cujus
1086 980 1141 1009 ex
1179 962 1264 1021 iis,
1301 962 1377 1026 qui
1409 963 1466 1011 ad

182 1043 385 1104 Capuam
407 1037 818 1094 fuerant,maxima
849 1036 1089 1083 auitoritas
1109 1046 1227 1093 erat,
1249 1037 1303 1081 In
1331 1036 1470 1101 consi--¹

183 1117 243 1162 lio
255 1151 267 1173 ‚
298 1113 446 1178 inquit
460 1149 475 1172 ‚
491 1116 670 1160 arbitror
682 1132 744 1159 me
751 1111 880 1175 fitiffe
902 1113 1140 1172 consulibus
1158 1113 1306 1171 Capua
1322 1127 1468 1172 capta,

185 1206 275 1234 cum
308 1202 564 1248 quaereretur,
591 1188 725 1246 ecquis
747 1188 1053 1246 Campanorum
1084 1188 1132 1229 de
1159 1187 1362 1245 republica
1385 1203 1467 1230 no-

170 1262 264 1328 stra
288 1262 383 1305 bene
411 1262 576 1306 meritus
608 1256 728 1323 effet:
756 1261 864 1304 duas
895 1261 1081 1304 mulieres
1113 1272 1359 1317 compertum
1393 1259 1470 1324 est,

192 1337 374 1402 Vestiam
414 1336 600 1397 Oppiam
638 1337 885 1379 Atellanam
923 1335 1071 1392 Capua
1100 1332 1390 1388 habitantem,
1426 1328 1470 1376 ὃ·

186 1411 420 1455 Fauculam
444 1410 660 1463 Cluviam,
686 1424 771 1469 quae
798 1407 1008 1467 quondam
1025 1404 1212 1469 quaestum
1231 1421 1391 1464 corpore
1400 1402 1471 1461 fe-

187 1479 329 1544 ciſj'et:
353 1484 473 1526 illam
501 1480 682 1542 quotidie
693 1474 940 1540 sacrificaffi
967 1495 1047 1537 pro
1063 1477 1206 1536 salute
1231 1473 1272 1520 δ’
1299 1475 1473 1521 vifforia

180 1558 334 1617 populi
351 1557 537 1600 Romani
547 1572 567 1609 ;
588 1556 695 1599 lzartc
722 1547 899 1613 captivis
919 1552 1125 1613 egentibus
1144 1552 1343 1594 alimenta
1364 1552 1472 1594 clam

178 1627 472 1693 fitppeditaffe.
505 1632 727 1674 Ceterorum
756 1628 940 1671 omnium
969 1626 1274 1683 Campanorum
1306 1623 1474 1667 eundem

191 1722 285 1766 erga
312 1721 390 1749 nos
419 1706 635 1759 animum,
662 1718 778 1762 quem
801 1695 1197 1760 Carthaginienstum
1214 1730 1228 1752 ‚
1239 1691 1368 1758 fitiffi
1382 1694 1477 1755 :se-

193 1781 353 1839 eurique
362 1775 570 1840 percuſjbs
591 1796 618 1821 a
637 1777 693 1837 Q.
708 1777 858 1820 Fulvio
875 1771 949 1836 effe
969 1774 1129 1832 magis,
1147 1786 1318 1830 quorum
1337 1770 1478 1828 digni-

195 1865 262 1896 tas
281 1853 388 1895 inter
407 1853 543 1905 alios,
564 1866 687 1909 quam
717 1864 885 1907 quorum
914 1848 1036 1905 culpa
1064 1843 1276 1887 eminebat.
1313 1841 1480 1902 Perse-

197 1943 342 1972 natum
373 1926 445 1986 agi
470 1926 518 1969 de
545 1923 772 1983 Campanis
785 1956 802 1977 ,
824 1922 894 1981 qui
924 1921 1030 1965 cives
1051 1918 1237 1963 Romani
1256 1915 1393 1976 sunt,
1414 1918 1480 1960 in-

189 1999 307 2064 juffit
329 2003 479 2062 populi
498 2004 594 2044 ‘non
624 1999 745 2043 video
773 1993 894 2058 poffi.
933 1995 1054 2053 idque
1090 1989 1133 2037 G·
1159 1991 1276 2051 apud
1302 1988 1486 2045 majores

201 2076 355 2140 nostros
376 2077 420 2119 in
438 2075 674 2118 Satricanis
681 2071 845 2130 fastum
862 2069 913 2134 est
926 2104 939 2127 ‚
960 2087 1049 2115 cum
1071 2062 1300 2129 dffleciffint
1317 2098 1331 2122 ,
1349 2079 1394 2110 ut
1416 2066 1485 2110 M.

201 2147 415 2211 Antssius
441 2146 777 2206 tribunusplebis
793 2145 914 2204 prius
946 2142 1199 2202 rogationem
1219 2137 1368 2196 ferret,
1390 2137 1485 2198 sci-

204 2234 333 2278 retque
344 2222 483 2278 plebs,
504 2222 566 2264 uti
570 2220 744 2280 senatui
764 2221 813 2263 de
829 2215 1065 2262 Satricanis
1077 2214 1287 2273 sententiae
1305 2212 1486 2255 dicendae

193 2294 272 2350 jus
295 2290 393 2355 effit.
426 2295 568 2353 Itaque
602 2294 766 2353 censeo,
798 2309 889 2337 cum
920 2290 1097 2335 tribunis
1117 2287 1250 2346 plebis
1281 2285 1485 2345 agendum

204 2365 279 2429 effi
295 2401 308 2423 ,
327 2381 371 2410 ut
392 2384 526 2411 eorum
552 2383 661 2410 unus
674 2365 860 2425 pluresve
876 2364 1129 2423 rogationem
1147 2358 1295 2417 ferant
1320 2358 1380 2401 ad
1389 2359 1486 2416 ple-

205 2442 292 2485 bcm
304 2473 318 2498 ,
337 2457 416 2500 qua
440 2439 562 2485 nobis
574 2439 789 2506 statuendi
806 2438 854 2482 de
881 2434 1108 2495 Campanis
1121 2431 1195 2488 jus
1204 2430 1303 2490 fiat.
1318 2429 1368 2475 L„
1389 2424 1488 2473 Ati·
