1628 2890
250 154 794 206 HISTORIARUM
840 155 967 202 Lm.
1011 155 1215 205 XXIV.
1292 158 1372 205 161

91 275 312 322 conatus,
344 275 393 310 ut
420 262 649 310 coloniam
684 263 963 310 Bruttiorum
985 280 1041 311 eo
1078 263 1272 323 deduci,
1297 283 1380 314 an-

92 336 353 398 tiquamque
387 333 684 397 frequentiam
719 350 878 380 eorum
912 335 1110 397 recipere
1143 337 1308 384 vastam
1331 355 1383 385 ac

66 409 306 456 'desertam
335 407 462 455 bellis
486 408 644 454 urbem
675 419 935 470 paterentur
954 445 967 467 ‚
996 409 1203 456 omnium
1237 412 1383 458 nemi-

91 498 225 537 nem,
256 493 417 544 praeter
438 480 825 536 Aristomachum,
857 480 1021 527 movit.
1056 482 1305 530 morituros
1338 483 1383 531 se

92 555 372 601 affirmabant
399 554 554 610 citius,
579 570 733 616 quam,
756 553 950 599 immixti
971 555 1181 614 Bruttiis,
1208 556 1255 601 in
1275 557 1385 604 alie-

91 643 180 672 nos
210 627 322 674 ritus
337 662 351 686 ,
380 643 529 673 mores
544 662 556 681 ‚
576 625 780 688 legesque
796 660 809 683 9
829 643 880 672 ac
900 642 1012 673 mox
1031 628 1227 692 linguam
1250 631 1381 678 etiam

93 711 393 747 verterentur.
430 698 764 745 Aristomachus
788 714 902 744 unus
918 733 931 755 ,
956 701 1140 762 ‘quando
1171 718 1253 749 nec
1280 702 1382 751 sua-

92 773 242 819 dendo
271 773 323 819 ad
353 773 626 819 deditionem
652 771 750 816 satis
783 771 988 827 valebat,
1022 788 1134 829 nec,
1165 774 1276 821 sicut
1307 794 1382 824 ur·

91 845 196 892 bem
241 845 533 908 prodiderat,
567 844 718 890 locum
747 844 992 906 prodendae
1031 844 1144 890 arcis
1176 846 1383 895 invenie-

90 917 194 971 bat,
214 914 450 976 transfugit
467 913 521 958 ad
539 912 826 957 Hannonem.
864 913 1108 960 Locrenses
1131 915 1257 961 brevi
1280 919 1383 979 post

94 985 257 1050 legati,
288 1002 390 1033 cum
427 983 633 1048 permissu
665 983 904 1029 Hannonis
938 1000 1088 1030 arcem
1121 985 1380 1045 intraffent,

92 1058 391 1121 persuadent,
427 1069 478 1103 ut
511 1055 686 1102 traduci
723 1053 764 1099 se
800 1054 847 1100 in
877 1055 1053 1100 Locros
1089 1067 1347 1116 paterentur
1367 1096 1380 1117 ,

91 1148 181 1178 nec
210 1132 365 1176 ultima
395 1128 591 1192 experiri
622 1126 805 1174 vellent.
835 1128 926 1174 Jam
962 1127 1053 1173 hoc
1090 1141 1141 1174 ut
1171 1128 1249 1174 fibi
1271 1130 1383 1177 lice-0

94 1216 187 1262 ret,
204 1203 555 1266 impetraverant
577 1204 624 1248 &
645 1200 699 1246 ab
712 1200 987 1257 Hannibale,
1008 1200 1141 1247 miffis
1162 1204 1216 1248 ad
1238 1204 1381 1266 ipsum

95 1273 264 1340 legatis.
296 1276 353 1322 ita
373 1277 582 1322 Crotone
610 1273 833 1319 excessum
853 1273 915 1319 est
929 1310 943 1330 ,
974 1273 1237 1338 deductique
1256 1279 1380 1324 Cro-

94 1351 281 1398 toniatae
301 1351 355 1396 ad
374 1366 494 1395 mare
523 1365 657 1396 naves
679 1347 1002 1395 conscendunt.
1030 1350 1205 1396 Locros
1230 1354 1381 1400 omnis

94 1423 344 1470 multitudo
368 1422 546 1468 abeunt.
567 1424 613 1467 In
635 1420 797 1483 Apulia
822 1437 878 1466 ne
897 1420 1035 1466 hiems
1054 1421 1232 1483 quidem
1251 1426 1379 1487 quie-

95 1507 141 1543 ta
160 1497 275 1543 inter
290 1497 522 1543 Romanos
550 1509 682 1559 atque
709 1494 1001 1540 Hannibalem
1029 1505 1136 1542 erat.
1174 1498 1379 1545 Luceriae

95 1569 386 1633 Sempronius
419 1567 602 1623 consul,
639 1567 865 1614 Hannibal
900 1567 1017 1613 haud
1044 1570 1208 1630 procul
1246 1573 1379 1634 Arpis

98 1642 378 1689 hibernabat.
411 1644 529 1686 Inter
558 1656 638 1686 eos
675 1640 794 1686 levia
829 1639 991 1702 proelia
1021 1657 1076 1686 ex
1110 1642 1378 1703 occasione,

97 1728 174 1763 aut
201 1714 541 1779 opportunitate
573 1712 707 1773 huius
727 1724 804 1759 aut
823 1713 940 1759 illius
968 1714 1103 1776 partis
1122 1749 1135 1771 ‚
1165 1716 1380 1763 orieban-

97 1800 197 1834 tur:
233 1786 485 1849 meliorque
521 1784 582 1832 eis
612 1786 875 1844 Romanus,
902 1786 951 1832 ὅ(
981 1785 1028 1830 in
1066 1784 1158 1832 dies
1197 1791 1376 1838 cautior

95 1863 328 1924 tutiorque
357 1860 413 1907 ab
449 1860 614 1907 insidiis
650 1858 796 1907 fiebat,

174 1937 248 1980 IV.
282 1937 329 1980 In
359 1932 508 1979 Sicilia
542 1933 757 1980 Romanis
787 1931 940 1979 omnia
970 1943 1222 1980 mutaverat
1255 1952 1382 1983 mors

101 2006 346 2064 Hieronis,
387 2023 659 2069 regnumque
695 2007 751 2052 ad
785 2005 1126 2070 Hieronymum
1165 2022 1381 2069 nepotem

101 2080 195 2142 ejus
219 2077 504 2126 translatum:
539 2095 726 2141 puerum
747 2115 761 2136 ‚
787 2079 973 2126 vixdum
997 2074 1246 2126 libertatem
1263 2119 1275 2137 ‚
1298 2100 1381 2133 nee

103 2155 208 2200 dum
228 2152 610 2210 dominationem,
641 2152 820 2199 modice
851 2152 1059 2197 laturum.
1094 2153 1214 2199 Laete
1248 2155 1291 2199 id
1311 2156 1381 2202 in·-

101 2227 280 2290 genium
312 2238 482 2271 tutores
514 2238 645 2288 atque
665 2225 797 2271 amici
833 2225 887 2270 ad
920 2226 1292 2290 praecipitandum
1332 2227 1381 2273 in

103 2299 256 2346 omnia
275 2299 386 2344 vitia
407 2310 695 2360 acceperunt:
713 2314 812 2359 quae
833 2296 892 2343 ita
906 2295 1056 2342 futura
1077 2313 1262 2344 cernens
1276 2299 1382 2345 Hie-

105 2389 158 2418 ro
179 2408 192 2430 ‚
219 2371 373 2418 ultima
398 2371 568 2417 seneaa
592 2369 784 2416 voluiffe
805 2370 968 2415 dicitur
1002 2368 1159 2415 liberas
1184 2371 1381 2433 Syracu-

48 2487 51 2489 ,
106 2447 168 2494 sas
202 2447 481 2508 relinquere,
518 2462 573 2491 ne
605 2443 686 2491 sub
712 2444 946 2491 dominatu
971 2444 1129 2505 puerili
1148 2479 1161 2502 ‚
1202 2460 1281 2507 per
1310 2446 1382 2490 lu·-

166 2522 217 2569 T.
243 2521 360 2567 Livii
392 2523 491 2565 Vol.
513 2522 597 2565 Hs]
1093 2517 1128 2560 L
