1628 2890
229 117 782 174 HISTORIARUM
821 127 951 175 LIB.
988 129 1208 176 XXVII.
1274 145 1364 194 413

82 228 395 292 exsequenda,
425 247 528 294 quae
563 231 833 291 statuerant,
870 233 1005 281 duces
1035 233 1220 297 digreffi.
1259 236 1371 283 Haec

83 318 144 350 eo
174 318 296 349 anno
321 302 366 347 in
392 303 603 365 Hispania
625 304 730 351 aila,
754 305 915 351 Romae
936 305 1051 353 fama
1070 306 1294 369 Scipionis
1320 310 1369 357 in

82 375 179 422 dies
211 374 419 423 crescere.
453 376 591 424 Fabio
609 377 856 424 Tarentum
887 392 1067 441 captum
1090 378 1184 425 astu
1207 382 1369 444 magis,

81 461 219 507 quam
242 446 440 504 virtute,
470 448 627 511 gloriae
655 460 804 496 tamen
830 450 928 497 effe.
962 451 1112 498 Fulvii
1141 452 1369 503 senescere

81 518 215 568 fama.
244 511 489 568 Marcellus
515 522 648 569 etiam
675 523 870 571 adverso
891 542 1075 573 rumore
1101 527 1215 586 effe,
1239 528 1369 593 super

82 607 220 656 quam
240 594 366 656 quod
386 595 535 658 primo
554 597 668 643 male
688 611 989 661 pugnaverat,
1011 601 1118 664 quia
1135 638 1152 658 ‚
1175 615 1368 666 vagante

83 679 166 726 per
197 664 366 711 Italiam
390 666 669 726 Hannibale,
699 669 844 715 media
874 670 1021 717 aestate
1049 673 1286 720 Venusiam
1318 674 1368 722 in

83 738 199 783 reita
221 738 385 786 milites
418 740 675 789 abduxisset.
712 742 924 791 Inimicus
955 757 1048 792 erat
1071 746 1112 793 ei
1140 748 1196 795 C.
1214 748 1368 796 Publi-

82 808 183 857 cius
202 811 388 858 Bibulus
407 813 616 861 tribunus
636 815 792 877 plebis.
819 820 856 863 ls
872 815 960 879 jam
981 834 1004 864 a
1024 819 1167 881 prima
1190 837 1368 885 pugna,

82 900 188 947 quae
214 885 395 933 adversa
421 886 584 944 fuerat,
611 888 785 936 affiduis
817 891 1117 939 concionibus
1151 894 1366 942 infamem

82 955 374 1023 invisumque
392 960 539 1023 plebei
558 961 801 1009 Claudium
821 963 1012 1022 fecerat,
1037 966 1087 1012 δε
1105 963 1193 1025 jam
1210 966 1262 1012 de
1284 967 1365 1014 im-

79 1031 213 1095 perio
242 1033 505 1098 abrogando
531 1034 624 1097 ejus
651 1036 838 1101 agebat:
873 1054 975 1084 cum
996 1049 1145 1085 tamen
1169 1041 1365 1088 neceffa-

81 1103 142 1151 rii
167 1104 347 1152 Claudii
375 1106 695 1162 obtinuerunt,
727 1120 804 1166 ut,
830 1109 987 1157 relffio
1011 1111 1218 1158 Venufiae
1246 1112 1367 1178 lega-

83 1190 136 1223 10
149 1211 162 1233 ‚
183 1177 424 1227 Marcellus
441 1180 635 1227 Romam
657 1181 822 1228 rediret
841 1181 896 1228 ad
925 1184 1154 1247 purganda
1172 1200 1220 1231 ea
1230 1221 1247 1243 ,
1264 1202 1366 1249 quae

81 1247 258 1296 inimici
279 1251 596 1308 decernerent3
622 1269 706 1298 nec
737 1253 789 1299 de
809 1251 999 1317 imperio
1020 1253 1116 1316 ejus
1143 1255 1366 1321 abrogan-

83 1320 177 1377 do,
204 1321 383 1368 absente
412 1322 541 1385 ipso,
572 1337 786 1387 ageretur.
826 1328 958 1374 Forte
990 1326 1068 1373 sub
1101 1327 1219 1376 idem
1255 1342 1369 1377 tem-

83 1409 172 1455 pus
198 1395 246 1440 &
266 1395 506 1442 Marcellus
531 1397 586 1442 ad
606 1396 932 1460 deprecandam
951 1399 1248 1463 ignominiam
1263 1438 1277 1461 ‚
1315 1405 1366 1452 ὅ(

85 1467 151 1526 Q.
169 1466 352 1514 Fulvius
372 1467 531 1515 consul
549 1469 843 1517 comitiorum
870 1470 998 1519 causa
1016 1473 1208 1520 Romam
1227 1476 1370 1526 venit.

112 1564 119 1571 ·-
154 1541 281 1587 XXI.
313 1543 473 1588 Auum
503 1543 557 1589 de
585 1543 776 1607 imperio
806 1545 1013 1593 Marcelli
1041 1546 1088 1592 in
1115 1547 1240 1596 circo
1267 1549 1369 1596 Fla-

84 1612 232 1660 minio
255 1613 349 1673 est,
374 1613 544 1677 ingenti
577 1615 797 1663 concursu
830 1616 1058 1682 plebisque
1080 1620 1129 1667 &
1160 1621 1366 1669 omnium

85 1686 316 1735 ordinum.
353 1688 682 1753 Accusavitque
706 1690 912 1738 tribunus
932 1691 1072 1754 plebis
1086 1727 1100 1751 ,
1128 1708 1223 1739 non
1244 1695 1368 1740 Mar-

86 1759 253 1807 cellum
274 1763 444 1817 modo,
472 1762 544 1808 sed
572 1779 755 1810 omnem
786 1764 1082 1812 nobilitatem.
1114 1770 1277 1814 Fraude
1302 1787 1367 1815 eo·

88 1852 178 1880 rum
209 1830 252 1879 δ’
281 1837 533 1882 cunfflztiorze
549 1839 649 1895 fieri
662 1872 676 1895 ‚
710 1854 757 1883 uc
786 1841 1016 1886 Hannibal
1043 1842 1244 1888 decimum
1270 1844 1367 1898 jam

88 1925 249 1952 annum
269 1910 441 1953 Italiam
460 1912 721 1969 provinciam
741 1913 915 1958 habeat:
943 1915 1101 1958 diutius
1121 1915 1182 1958 ibi
1194 1949 1211 1970 ,
1243 1933 1367 1975 quam

91 1982 369 2041 Carthagine,
399 1984 564 2026 vixerit.
589 1984 751 2028 Habere
766 1983 950 2042 fruHum
973 1987 1134 2044 imperii
1151 1989 1370 2047 prorogati

87 2055 287 2100 Marcello
296 2057 497 2113 populum
508 2055 747 2101 Romanum
761 2074 776 2101 .·
800 2059 864 2102 his
882 2058 1025 2117 coeficm
1043 2061 1258 2104 exercitum
1277 2059 1368 2113 ejus

87 2129 224 2192 ‹eslii-a
247 2129 430 2192 Venuſsoe
443 2131 528 2189 sub
554 2131 663 2176 techs
687 2150 814 2193 agere.
848 2132 975 2178 Hanc
1001 2132 1167 2178 tribuni
1196 2132 1370 2179 oratio-

88 2216 193 2245 nem
219 2199 281 2245 ita
302 2201 456 2247 obruit
480 2203 719 2250 Marcellus
747 2205 1182 2252 commemoratione
1216 2222 1367 2254 rerum

87 2272 294 2332 suarum,
327 2288 376 2322 ut
414 2293 509 2323 non
546 2280 724 2342 rogatio
766 2278 912 2326 solum
946 2281 1000 2326 de
1041 2279 1233 2343 imperio
1271 2279 1368 2341 ejus

89 2345 354 2408 abrogando
375 2350 679 2412 antiquaretur
699 2387 713 2409 ,
740 2350 812 2398 sed
831 2351 1013 2414 postero
1038 2352 1110 2400 die
1136 2352 1369 2400 consulem

89 2433 197 2466 eum
217 2418 389 2482 ingenti
407 2422 624 2469 consensu
640 2423 852 2470 centuriae
869 2440 1025 2471 omnes
1043 2436 1259 2472 crearent.
1278 2424 1370 2469 Ad-
