1628 2890
261 126 804 174 HISTORIARUM
846 126 970 172 LIB.
1005 123 1208 171 XXVI.
1283 137 1375 196 329

100 233 213 296 pulo
232 235 442 280 Romano
471 232 746 289 deteciss'ent,
769 232 876 293 juffa
898 231 1004 278 dari.
1038 231 1085 277 ld
1113 232 1175 277 M.
1197 231 1377 278 Corne-

102 306 167 351 lio
186 306 437 353 mandatum
453 340 466 364 ,
496 317 569 363 ut,
592 305 668 351 ubi
687 305 726 350 ei
751 303 1005 367 videretur,
1027 303 1182 349 urbem
1198 318 1378 365 agrum-

104 397 192 442 que
228 380 289 426 eis
319 380 561 441 affignaret.
600 381 647 424 In
678 377 838 422 eodem
871 392 980 438 agro
1018 376 1262 439 Belligeni,
1300 391 1378 437 per

103 469 236 514 quem
264 452 432 498 illeelus
459 453 515 498 ad
542 450 851 497 tranfitIOnem
885 448 1079 495 Mericus
1108 459 1233 506 erat,
1265 464 1379 510 qua-

103 522 338 587 dringenta
373 524 520 587 jugera
551 524 643 586 agri
680 523 869 571 decreta.
909 520 1013 567 Post
1049 519 1380 583 profefflonem

105 612 159 642 ex
192 593 598 661 Siciliatvtarcessi‚
630 594 798 640 Punica
825 593 965 640 claffis
992 592 1098 640 οᾶο
1129 591 1267 639 millia
1298 608 1380 654 pe-

105 667 247 712 ditum
260 703 276 724 ,
306 667 388 712 tria
408 666 706 713 Numidarum
736 664 937 727 equitum
956 662 1177 727 exposuit.
1207 662 1280 709 Ad
1302 678 1381 709 eos

106 741 406 803 Murgantinae
425 740 708 786 desciverunt
730 751 873 785 terrae.
909 736 1067 785 secutae
1087 736 1382 784 defeffionem

107 829 257 859 carum
273 813 426 876 Hybla
443 814 492 861 ἅ
518 812 706 860 Macella
724 811 843 869 sunt,
872 812 925 859 δε
946 809 1238 874 ignobiliores
1261 825 1381 872 quae-

109 887 205 933 dam
230 887 341 934 aliae.
380 889 434 933 Et
457 886 685 945 Numidae,
716 884 926 948 praefeElO
944 883 1146 940 Mutine,
1176 883 1279 945 vagi
1303 899 1382 945 per

45 978 51 983 ·
107 971 248 1007 tetam
264 959 481 1014 Siciliam,
499 958 723 1006 sociorum
742 957 901 1020 populi
915 954 1112 1002 Romani
1132 971 1263 1018 agros
1284 971 1383 1000 ure-

109 1033 228 1081 bant.
263 1034 401 1097 Super
433 1032 528 1081 haec
556 1033 777 1080 exercitus,
809 1033 1043 1078 Romanus
1077 1029 1210 1078 iratus
1229 1063 1243 1084 ,
1279 1045 1385 1090 par-

108 1107 190 1153 tim
211 1108 336 1170 quod
356 1124 457 1154 cum
477 1107 745 1169 imperatore
765 1122 859 1154 non
883 1104 1089 1152 devecffhis
1113 1119 1168 1149 ex
1192 1101 1386 1164 provin-

111 1179 179 1227 cia
208 1179 337 1237 effet,
367 1179 527 1242 partim
560 1178 685 1240 quod
711 1177 758 1224 in
789 1176 965 1239 oppidis
996 1175 1231 1222 hibernare
1252 1173 1385 1220 vetiti

111 1266 236 1298 erant
251 1288 265 1310 ,
291 1252 409 1315 segni
441 1251 741 1314 fungebantur
761 1249 919 1296 militia
937 1267 948 1296 z
979 1247 1205 1312 magisque
1224 1247 1285 1294 eis
1302 1264 1386 1293 au-

111 1326 208 1371 &or
223 1324 277 1370 ad
294 1322 556 1370 seditionem
570 1358 585 1381 ‚
610 1339 741 1385 quam
763 1321 933 1368 animus
947 1353 961 1375 ‚
982 1320 1146 1365 deerat.
1176 1317 1291 1364 inter
1308 1316 1387 1364 has

112 1396 392 1444 difficultates
426 1398 491 1443 M.
519 1396 761 1442 Cornelius
790 1409 956 1457 praetor
986 1396 1035 1441 δε
1067 1392 1258 1440 militum
1287 1392 1387 1438 ani-

111 1489 211 1520 mos
225 1508 238 1530 ‚
259 1488 380 1518 nunc
406 1469 686 1520 consolando
705 1505 719 1527 ‚
748 1486 869 1514 nunc
886 1466 1138 1530 castigando
1153 1501 1167 1524 ,
1193 1464 1387 1522 sedavit,

112 1546 162 1591 &
191 1543 395 1590 civitates
427 1558 584 1591 omnes
604 1578 618 1598 ,
650 1558 750 1605 quae
781 1540 1062 1597 defecerant,
1090 1538 1137 1584 in
1165 1536 1388 1584 ditionerrl

112 1615 307 1680 redegit:
344 1626 474 1676 atque
505 1629 562 1659 ex
590 1612 657 1659 his
691 1611 986 1675 Murgantiam
1018 1607 1219 1671 Hispanis
1238 1643 1252 1666 ‚
1284 1607 1388 1670 qui-

112 1673 198 1735 bus
225 1688 331 1736 urbs
351 1703 539 1786 agerque
559 1686 826 1744 debebatur,
850 1701 906 1733 ex
924 1680 1305 1732 senatusconsulto
1325 1691 1390 1728 at-

112 1759 212 1807 trib
207 1759 283 1807 lit.

178 1833 323 1879 XXII.
357 1829 605 1887 Consules,
640 1846 742 1876 cum
780 1827 914 1877 ambo
951 1826 1159 1891 Apuliam
1193 1822 1391 1889 provin-

115 1905 228 1954 ciam
259 1905 498 1962 haberent,
530 1903 762 1967 minusque
793 1902 881 1965 jam
906 1901 1089 1949 terroris
1116 1918 1141 1948 a
1165 1898 1316 1947 Poenis
1340 1899 1392 1946 &

115 1976 368 2042 Hannibale
389 1976 518 2033 esset,
538 1975 684 2022 sortiri
703 1974 802 2036 jufli
824 1973 1032 2037 Apuliam
1050 1970 1389 2019 Macedoniam-

115 2068 202 2114 que
231 2049 506 2113 provincias.
539 2048 738 2110 Sulpicio
758 2043 1027 2094 Macedonia
1055 2046 1232 2111 evenit,
1265 2042 1391 2108 isque

117 2124 308 2173 Laevino
324 2122 538 2170 succeflit.
558 2119 761 2179 Fulvius,
777 2121 970 2166 Romam
984 2118 1273 2165 comitiorum
1289 2133 1392 2164 cau-

117 2197 160 2245 sa
187 2196 438 2253 arcessitus,
463 2211 567 2242 cum
585 2193 768 2241 comitia
791 2191 1048 2240 consulibus
1075 2189 1286 2254 rogandis
1310 2189 1391 2235 ha-

116 2269 265 2326 beret,
296 2265 598 2331 praerogativa
616 2264 802 2311 Veturia
821 2263 1050 2326 juniorum
1070 2262 1315 2310 declaravit
1334 2264 1392 2309 T,

116 2340 336 2387 Manlium
350 2343 636 2403 Torquatum
653 2338 702 2384 &
718 2337 774 2384 Τ.
790 2336 1050 2384 Otacilium.
1073 2335 1268 2382 Manlius
1280 2370 1295 2391 ,
1314 2333 1392 2397 qui

117 2414 307 2479 praesens
340 2427 457 2476 erat,
491 2411 741 2479 gratulandi
768 2411 895 2462 causa
923 2427 1029 2461 cum
1057 2409 1188 2457 turba
1217 2407 1360 2457 coiret
1375 2440 1391 2464 ,
