1628 2890
216 180 310 213 210
566 161 1132 209 TlTILlVII

215 281 547 331 cervanturque
565 303 578 326 ‚
613 267 859 316 nonrcaede
892 266 1069 326 solum,
1097 268 1172 315 sed
1199 268 1332 316 etiam
1367 268 1498 334 fuga3
1536 257 1562 272 '-

214 360 318 391 cum
355 341 430 388 alii
459 339 587 403 super
614 341 808 388 aliorum
842 338 988 401 capita
1017 352 1231 400 ruerent,
1259 354 1394 407 atque
1424 342 1501 390 'in-

213 415 326 478 tegri
357 414 516 461 sauciis
537 450 550 471 ‚
572 413 674 461 vivi
705 412 896 459 mortuis
920 411 1195 471 incidentes,
1215 415 1502 462 cumularen-

212 499 299 536 tur.
336 487 443 533 Inde
470 485 624 548 paffim
648 484 931 543 discurritur,
964 485 1014 531 &
1036 484 1160 531 urbis
1190 498 1330 548 captae
1356 488 1500 533 modo

212 557 408 621 fugaque
444 558 493 604 &
529 557 672 604 caedes
700 556 854 602 omnia
891 568 1044 602 tenet:
1080 555 1224 603 nihilo
1256 558 1501 606 remiffiore

211 633 408 679 militum
442 631 540 690 ira,
581 630 708 694 quod
747 631 926 691 turbam
973 630 1189 677 inermem
1233 631 1502 690 caedebant,

209 722 345 769 quam
378 705 409 751 s1
432 704 684 767 periculum
708 720 787 766 par
813 706 863 751 &
891 703 1026 749 ardor
1054 702 1311 758 certaminis
1334 721 1412 751 eos
1438 705 1501 751 ir-

211 777 380 824 ritaret.
418 780 480 824 Ita
513 778 692 834 Henna,
731 788 806 822 aut
835 774 983 832 malo,
1013 786 1090 821 aut
1117 775 1360 822 neceffario
1392 775 1500 825 faci-

211 866 325 896 nore
346 861 531 897 retenta.
564 849 800 896 Marcellus
827 864 911 895 nec
934 847 1096 896 facium
1120 848 1428 911 improbavit,
1451 852 1501 899 δέ

210 924 409 986 praedam
429 923 733 970 Hennensium
758 921 976 968 militibus
997 920 1214 968 conceffit
1230 955 1246 978 ‚
1274 934 1418 980 ratus,
1445 922 1502 969 ti-

211 1015 341 1046 more
376 998 613 1045 deterritos
648 1008 975 1059 temperaturos
1009 995 1348 1058 proditionibus
1381 1015 1502 1060 prae·
1531 1000 1533 1002 ’

209 1072 425 1118 fidiorum
449 1071 640 1118 Siculos.
671 1072 819 1133 Atque
844 1086 895 1115 ea
922 1069 1067 1116 clades
1084 1103 1097 1124 ,
1127 1080 1177 1115 ut
1195 1070 1317 1116 urbis
1345 1070 1392 1116 in
1410 1087 1503 1117 me·

211 1146 285 1192 dia
316 1145 465 1193 Sicilia
501 1146 621 1202 fflae,
651 1144 872 1207 claraeque
900 1142 978 1191 vel
1004 1142 1067 1188 ob
1101 1142 1319 1207 insignem
1350 1144 1502 1190 muni-

136 1214 139 1217 ’
209 1232 366 1266 mento
404 1216 596 1264 naturali
628 1217 782 1264 locum
801 1253 815 1275 ‚
842 1216 918 1263 vel
950 1216 1014 1262 ob
1043 1215 1204 1263 sacrata
1235 1218 1389 1264 omnia
1417 1235 1503 1267 ve-

212 1291 351 1355 {ligiis
382 1304 521 1354 raptae
551 1289 781 1354 quondam
802 1289 1081 1350 Proserpinae
1098 1326 1113 1345 ,
1137 1306 1281 1350 prope
1304 1307 1399 1336 uno
1429 1292 1503 1337 die

216 1383 400 1412 omnem
414 1364 608 1411 Siciliam
637 1363 844 1426 pervasit.
879 1364 936 1408 Et
957 1362 1065 1426 quia
1086 1362 1205 1408 caede
1227 1361 1411 1410 infanda
1430 1381 1505 1411 re-

211 1438 404 1494 bantur,
433 1453 526 1482 non
548 1435 786 1482 hominum
807 1447 1011 1494 tantum,
1031 1434 1104 1481 sed
1134 1434 1266 1481 etiam
1289 1435 1501 1485 Deorum
1537 1450 1549 1455 ²

211 1509 359 1556 sedem
381 1510 598 1557 violatam
627 1508 737 1564 effe,
760 1519 855 1554 tum
877 1523 1016 1566 ver0,
1038 1507 1116 1571 qui
1136 1507 1270 1555 etiam
1299 1522 1401 1556 ante
1421 1511 1501 1556 du-

209 1584 275 1631 bii
300 1583 504 1640 fuerant,
538 1581 742 1628 defecere
776 1581 830 1627 ad
851 1582 1035 1627 Poenos.
1069 1580 1369 1643 Hippocrates
1396 1583 1500 1630 inde

209 1657 514 1719 Murgantiam
526 1692 540 1712 ‚
553 1654 756 1701 Himilco
771 1654 1066 1718 Agrigentum
1082 1653 1167 1700 sese
1185 1655 1373 1717 recepit:
1394 1673 1500 1702 cum

209 1730 345 1778 acciti
368 1748 391 1776 a
411 1728 724 1792 proditoribus
749 1728 1051 1791 nequidquam
1075 1728 1129 1774 ad
1144 1729 1348 1774 Hennam
1369 1745 1501 1774 exer-

209 1801 351 1852 citum
387 1802 701 1851 admovissent.
742 1801 979 1849 Marcellus
1014 1814 1136 1848 retro
1170 1801 1216 1847 in
1246 1802 1499 1848 Leontinos

207 1878 353 1925 redit:
387 1876 706 1939 frumentoque
739 1877 790 1923 &
810 1875 1135 1923 commeatibus
1166 1875 1262 1922 aliis
1287 1876 1334 1922 in
1362 1877 1498 1923 castra

209 1952 468 2010 convectis,
502 1950 708 2013 praesidio
740 1950 928 1997 modico
955 1949 1017 1996 ibi
1051 1949 1239 2008 relicto,
1267 1951 1322 1996 ad
1355 1952 1497 2015 Syra-

210 2025 332 2082 cusas
356 2024 620 2071 obsidendas
653 2023 808 2081 venit,
844 2023 946 2069 inde
968 2024 1054 2086 Ap.
1077 2022 1272 2070 Claudio
1300 2022 1497 2072 Romam

206 2101 261 2145 ad
282 2098 563 2146 consulatum
582 2098 824 2161 petendum
849 2097 977 2143 miffo
991 2133 1005 2156 ‚
1031 2098 1086 2144 Τ.
1111 2097 1375 2156 Quinctium
1395 2098 1498 2144 Cri·

207 2173 384 2235 spinum
412 2173 458 2219 in
483 2171 577 2234 ejus
604 2173 758 2219 locum
787 2171 906 2218 claffi
938 2169 1177 2234 castrisque
1208 2170 1397 2234 praeficit
1415 2188 1497 2219 ve-

207 2246 391 2292 teribus.
430 2245 521 2308 ipse
556 2246 846 2292 hibernacula
886 2246 1085 2309 quinque
1121 2245 1262 2290 millia
1293 2246 1496 2308 passuum

206 2320 454 2383 Hexapylo
477 2319 674 2383 (Leonta
690 2335 862 2366 vocant
881 2319 1058 2379 locum)
1078 2319 1370 2377 communiit,
1390 2320 1496 2366 aedi-

206 2392 463 2453 ficavitque.
497 2394 605 2441 Haec
633 2394 680 2441 in
699 2393 851 2442 Sicilia
872 2392 1007 2460 usque
1026 2393 1080 2441 ad
1099 2392 1376 2458 principium
1396 2393 1496 2451 hiez

205 2467 289 2513 mis
318 2467 450 2530 gesta.
