1628 2890
268 131 807 181 H1SToR1ARuM
859 133 1223 186 L1B.XXV1.
1293 152 1377 199 321

107 236 437 301 frequentandae
473 240 714 287 multitudo
753 240 1003 291 incolarum
1043 242 1384 292 libertinorum-

110 319 197 373 que
216 312 264 357 &
284 310 537 357 institorum
563 310 868 374 opificumque
888 306 1085 361 retenta:
1106 332 1209 379 ager
1236 318 1385 366 omnis

111 384 161 429 &
181 384 291 429 te&a
320 384 497 445 publica
518 384 676 447 populi
699 385 893 431 Romani
918 386 1041 434 fafla.
1071 389 1285 436 Ceterum
1307 390 1386 437 ha·-

110 455 242 502 bitari
262 466 460 514 tantum,
487 469 700 520 tanquam
729 458 907 517 urbem,
930 461 1153 522 Capuam,
1176 462 1386 525 frequen-

110 527 283 592 tarique
308 528 475 591 placuit
496 547 505 575 :
525 545 690 588 corpus
717 530 887 576 nullum
915 531 1138 591 civitatis,
1157 551 1239 581 nec
1260 535 1386 583 sena-

110 609 202 656 tus,
221 615 303 647 nec
323 599 462 661 plebis
481 600 726 647 concilium
740 636 753 660 ,
771 619 851 649 nec
872 603 1145 666 magistratus
1167 606 1263 654 ess'e.
1295 608 1386 655 fine

111 672 301 719 consilio
324 672 506 734 publico
521 708 535 730 ,
557 673 645 719 fine
678 674 867 736 imperio
899 676 1226 724 multitudinem
1242 715 1255 736 ,
1286 683 1388 728 nul-

111 744 196 791 lius
223 745 285 790 rei
321 745 434 790 inter
462 745 503 790 se
536 745 730 804 sociam,
762 747 817 792 ad
848 746 1110 795 consensum
1144 750 1387 800 inhabilem

111 817 240 864 fore:
270 817 525 880 ptaefefitum
553 818 607 864 ad
630 818 725 878 jura
745 819 968 865 reddenda
995 819 1048 865 ab
1075 821 1222 868 Roma
1252 838 1388 886 quot-

111 890 239 936 annis
259 890 474 937 missiuos.
496 892 558 935 Ita
581 890 636 935 ad
661 890 863 951 Capuam
881 907 949 937 res
969 893 1254 953 compositae,
1277 912 1386 943 con-

113 962 211 1008 filio
232 961 287 1007 ab
314 962 440 1007 omni
462 976 585 1024 parte
608 960 830 1008 laudabili.
863 961 1015 1011 severe
1043 964 1093 1010 &
1119 966 1320 1013 celeriter
1341 970 1388 1016 in

112 1037 307 1083 maxime
340 1035 505 1082 noxios
536 1034 918 1082 animadversum:
945 1036 1186 1084 multitudo
1219 1039 1390 1095 civium

115 1109 310 1172 diffipata
338 1109 384 1155 in
410 1108 577 1155 nullam
601 1108 721 1170 spem
748 1109 913 1155 reditus
935 1127 944 1154 :
968 1125 1063 1155 non
1094 1110 1300 1159 saevitum
1323 1114 1390 1161 in-

115 1180 282 1230 cendiis
298 1179 524 1244 ruinisque
542 1180 589 1225 in
606 1180 718 1225 tecla
731 1179 920 1226 innoxia
939 1182 1205 1245 murosque:
1222 1187 1271 1233 &
1283 1203 1392 1235 cum

115 1252 424 1300 emolumento
444 1251 624 1314 quaefita
642 1251 771 1297 etiam
789 1252 905 1313 apud
922 1252 1070 1299 socios
1085 1254 1277 1304 lenitatis
1298 1259 1394 1322 spe·-

116 1328 230 1385 cies‚
249 1325 557 1372 incolumitate
578 1324 699 1371 urbis
719 1325 1000 1372 nobiliffimae
1027 1328 1393 1389 opulentiffimae-

115 1416 227 1463 que,
267 1398 393 1459 cujus
425 1397 566 1444 ruinis
603 1398 750 1446 omnis
789 1399 1059 1460 Campania,
1097 1416 1284 1461 omnes,
1316 1406 1394 1467 qui

114 1471 406 1534 Campaniam
441 1469 558 1517 circa
591 1471 828 1528 accolunt,
855 1471 1013 1533 populi
1050 1472 1394 1536 ingemuissent:

118 1545 337 1595 confeffio
364 1543 561 1606 express’a
590 1543 731 1602 hosti,
754 1556 915 1606 quanta
946 1545 1014 1592 vie
1035 1545 1079 1591 in
1102 1548 1318 1596 Romanis
1340 1551 1394 1598 acl

116 1618 386 1682 expetendas
421 1633 579 1680 peenas
615 1617 669 1663 ab
705 1616 959 1664 infidelibus
995 1617 1148 1675 sociis,
1179 1622 1228 1668 &
1261 1640 1396 1686 quam

117 1691 235 1738 nihil
254 1691 301 1736 in
319 1689 569 1736 Hannibale
588 1689 744 1736 auxilii
760 1690 812 1736 ad
829 1701 1036 1753 receptos
1052 1691 1099 1738 in
1118 1691 1251 1741 fidem
1268 1706 1397 1743 tuen-

119 1765 202 1811 dos
230 1763 347 1810 effet.

183 1838 327 1884 Xvu.
358 1835 553 1882 Romani
583 1837 757 1895 PatreS,
790 1836 1037 1899 perfuncti,
1061 1838 1186 1901 quod
1212 1840 1276 1887 vad
1306 1842 1396 1888 Ca-

121 1927 253 1974 puam
278 1907 518 1964 attinebat,
541 1925 669 1965 cura,
690 1910 744 1954 C.
775 1910 817 1954 N
822 1910 950 1959 etoni
979 1926 1037 1955 ex
1061 1909 1113 1955 iis
1136 1910 1302 1957 duabus
1334 1912 1400 1958 le-

123 1981 357 2047 gionibus,
379 1998 487 2044 quas
508 1981 561 2026 ad
585 1982 786 2043 Capuam
808 1982 1043 2040 habuerat,
1063 1981 1137 2027 sex
1157 1982 1295 2028 millia
1318 2001 1400 2046 pe-

122 2056 268 2102 ditum
283 2089 297 2111 ,
327 2055 376 2100 &
398 2064 621 2099 trecentos
652 2053 820 2116 equites
837 2087 851 2108 ,
869 2069 985 2115 quos
1017 2053 1107 2115 ipse
1138 2052 1331 2116 legiss'et,
1351 2057 1402 2104 &

123 2127 296 2176 socium
324 2125 470 2171 Latini
496 2125 694 2171 nominis
724 2125 922 2187 peditum
954 2141 1187 2172 numerum
1224 2141 1404 2189 parem,

124 2205 177 2249 &
209 2198 489 2261 offingentos
523 2198 692 2261 equites
720 2198 979 2245 decernunt.
1022 2214 1122 2244 eum
1154 2200 1402 2249 exercitum

124 2272 325 2322 Puteolis
356 2270 402 2316 in
435 2286 573 2317 naves
610 2269 867 2331 impositum
906 2270 1032 2317 Nero
1066 2270 1112 2316 in
1146 2271 1402 2334 Hispaniam

128 2344 465 2408 transportavit.
497 2344 616 2390 Cum
641 2345 946 2390 Tarraconem
968 2343 1158 2391 navibus
1188 2346 1404 2404 venisset,

128 2416 428 2480 expositisque
447 2416 508 2461 ibi
526 2415 694 2480 copiis,
714 2418 763 2466 &
779 2416 973 2466 navibus
992 2416 1238 2476 sttbduffls,
1257 2417 1404 2467 socios

191 2493 242 2538 T.
268 2492 360 2538 Liv.
391 2494 488 2537 Vol.
505 2492 588 2539 JV„
1133 2491 1179 2536 X
