1628 2890
241 148 790 216 HISTORIARUM
832 168 958 214 Lm.
993 167 1199 215 xxm.
1279 185 1360 216 121

82 274 151 323 tio
173 293 184 322 ε
208 275 316 338 qui,
335 274 436 338 post
462 275 635 323 classem
664 276 719 322 ad
737 276 917 328 ‚Iberum
947 291 1026 338 per
1052 292 1268 339 pavorem
1291 276 1372 322 de-

83 348 242 396 sertam
261 348 455 412 graviter
475 348 713 411 increpiti,
743 365 974 411 nunquam
997 348 1156 394 deinde
1174 347 1272 394 satis
1291 347 1370 393 fidi

85 434 161 469 aut
192 421 323 479 duci,
351 432 426 468 aut
451 419 885 483 Carthaginiensium
914 421 1046 467 rebus
1067 419 1256 467 fuerant.
1286 423 1372 467 Fe-

87 504 240 542 cerant
262 495 311 543 hi
335 492 572 555 transfugae
599 504 776 538 motum
802 491 848 537 in
870 492 1188 553 Carpefiorum
1209 494 1338 555 gente
1355 527 1374 547 ,

85 566 451 627 desciverantque
488 564 540 609 iis
574 562 833 610 ai16toribus
870 564 1001 610 urbes
1038 564 1242 624 aliquot:
1281 579 1373 610 una

84 639 218 686 etiam
238 641 292 686 ab
323 638 424 701 ipfis
457 636 507 682 vi
540 648 668 697 capta
696 634 851 681 fuerat.
882 639 931 680 In
950 653 1046 681 eam
1070 649 1243 697 gentem
1264 652 1374 681 ver-

86 712 180 760 sum
210 715 266 759 ab
300 708 517 758 Romanis
553 707 725 754 bellum
757 707 846 762 est;
883 706 1133 768 infestoque
1171 723 1275 753 exei
1280 718 1373 753 citu

85 784 330 832 Hasdrubal
349 781 558 846 ingressus
585 798 739 844 agrum
758 779 982 836 hostium,
1005 796 1090 841 pro
1111 791 1250 840 captae
1270 792 1374 825 ante

91 861 186 906 dies
207 874 373 923 paucos
392 857 516 903 urbis
534 854 784 911 moenibus,
804 852 1023 910 Calbim,
1044 852 1242 898 nobilem
1262 854 1379 899 Car-

90 933 315 997 pefiorum
345 930 533 985 ducem,
559 944 659 974 cum
688 926 844 973 valido
878 924 1082 971 exercitu
1112 923 1260 970 castris
1292 924 1379 970 sese

91 1018 350 1062 tenentem,
378 964 553 1066 aggredi
582 999 745 1046 statuit.
775 997 995 1044 Praemiffa
1021 997 1157 1060 igitur
1188 995 1277 1042 levi
1304 1014 1379 1042 ar-

89 1092 290 1137 matura,
315 1093 416 1140 quae
440 1074 620 1121 elice-ret
643 1070 791 1118 hostes
820 1071 874 1117 ad
897 1082 1149 1127 ce1·,tamen
1179 1069 1380 1132 peditum

90 1164 262 1213 partem
283 1148 337 1195 ad
358 1144 719 1209 depopulandum
748 1159 828 1205 per
858 1158 990 1205 agros
1010 1142 1163 1204 paffim
1185 1141 1379 1199 dimisit,

91 1237 142 1270 ut
171 1223 370 1285 palantes
390 1221 662 1281 exciperent.
698 1216 840 1262 Simul
859 1218 908 1262 &
925 1215 979 1260 ad
999 1214 1136 1260 castra
1157 1214 1379 1260 tumultus

91 1305 214 1350 erat‘,
234 1295 284 1341 ὅ(
309 1309 388 1355 per
419 1308 551 1354 agros
572 1290 764 1352 fugaque
785 1289 835 1335 &
866 1287 1006 1333 caedes
1026 1304 1036 1332 :
1057 1286 1216 1331 deinde
1246 1285 1383 1331 undi-

93 1383 183 1431 que
205 1365 391 1418 diversis
414 1363 647 1411 itineribus
668 1352 769 1409 cum
801 1361 847 1406 in
876 1359 1012 1407 castra
1033 1359 1075 1405 se
1095 1358 1383 1420 recepissent,

96 1440 209 1486 adeo
231 1450 414 1504 repente
437 1437 616 1483 deceffit
633 1434 791 1481 animis
819 1449 991 1495 pavor,
1011 1444 1063 1478 ut
1083 1448 1180 1477 non
1208 1431 1263 1477 ad
1285 1448 1386 1477 mu-

96 1512 295 1565 nimenta
311 1510 454 1557 modo
475 1507 754 1555 defendenda
772 1506 875 1552 satis
890 1506 1143 1551 animorum
1164 1504 1292 1560 effet,
1314 1504 1387 1550 sed

96 1586 230 1634 etiam
249 1585 303 1632 ad
324 1584 619 1631 lacessendum
642 1582 815 1629 hostem
833 1580 1013 1644 proelio.
1035 1581 1285 1641 Erumpunt
1302 1579 1389 1642 igi-

96 1672 174 1708 tur'
189 1659 363 1724 agmine
382 1675 404 1705 e
426 1657 574 1706 castr'is
591 1693 604 1715 ,
632 1656 928 1719 tripudiantes
949 1671 1076 1700 more
1097 1652 1177 1699 suo
1194 1670 1207 1707 3
1226 1669 1388 1715 repen-

97 1733 280 1796 tinaque
307 1748 463 1778 eorum
488 1730 670 1776 audacia
696 1741 916 1776 terrorem
945 1726 1063 1772 hosti
1083 1761 1096 1783 ,
1119 1725 1255 1788 paulo
1286 1738 1387 1770 ante

99 1805 223 1853 ultio
256 1804 509 1859 lacessenti,
540 1802 730 1849 ineuffit.
766 1802 915 1865 itaque
941 1802 988 1848 &
1024 1799 1112 1862 ipse
1139 1796 1389 1845 Hasdrubal

98 1879 150 1926 in
171 1878 334 1925 collem
367 1877 467 1925 satiS
504 1877 719 1933 arduum,
748 1887 893 1921 tutum
917 1873 1043 1920 flumi
1034 1890 1104 1918 ne
1136 1872 1268 1918 etiam
1298 1870 1389 1916 ob-

99 1950 246 2014 je&o‚
278 1966 375 1997 tum
407 1950 562 2013 copias
597 1912 832 2006 subdilcfflt
858 1948 908 1993 δε
938 1944 1198 2008 praemist'am
1236 1943 1386 1989 levem

100 2034 371 2070 armaturam
403 2021 662 2085 equitesque
690 2019 785 2083 pala
791 2032 863 2065 tos
895 2018 1055 2065 eodem
1090 2015 1276 2077 recipit:
1304 2031 1388 2061 nec

101 2109 181 2144 aut
202 2096 311 2143 colli
342 2108 419 2143 aut
449 2094 624 2141 flumini
658 2094 758 2140 satis
789 2092 958 2149 fidens,
986 2089 1110 2139 vallo
1131 2088 1266 2135 castra
1288 2104 1390 2150 per-

101 2168 263 2225 munit.
304 2171 353 2214 In
390 2167 481 2214 hoc
516 2167 690 2213 alterno
726 2180 900 2227 pavore
936 2162 1178 2209 certamina
1214 2160 1391 2222 aliquot

103 2241 208 2288 sunt
229 2240 469 2288 contraZla.
500 2256 583 2285 nec
605 2238 798 2284 Numida
817 2235 1016 2298 Hispano
1035 2250 1168 2298 eques
1187 2250 1264 2296 par
1281 2232 1389 2290 fuit;

104 2330 190 2360 nec
224 2312 445 2374 jaculator
468 2312 652 2357 Maurus
682 2304 876 2365 c'etrato,
898 2308 1142 2354 velocitate
1164 2306 1290 2368 pari,
1311 2321 1389 2355 ros

103 2386 217 2434 bore
243 2385 378 2432 animi
403 2384 658 2447 viriumque
688 2383 964 2445 aliquantum
996 2380 1229 2444 praestanti.

169 2460 363 2508 XXVII.
393 2457 630 2522 Postquam
654 2472 797 2521 neque
817 2455 977 2503 elicere
1000 2455 1193 2500 Poenum
1215 2450 1268 2498 ad
1294 2460 1394 2499 cer-I
