1628 2890
314 138 861 208 H1sToR1ARUM
909 151 1034 196 Lm.
1081 147 1273 206 xxxi„
1361 159 1419 205 71

140 267 320 329 cituque
348 264 402 311 ad
425 262 766 311 Tranfimenum
785 260 936 322 priore
962 272 1083 304 anno
1112 253 1266 303 amiffo
1286 288 1299 309 ‚
1329 268 1424 298 non

137 339 307 387 vulnus
328 336 474 399 isuper
505 337 697 391 vulnus,
730 333 803 380 sed
836 330 1075 393 multiplex
1110 328 1254 375 clades
1277 362 1289 382 ,
1319 342 1424 372 cum

136 411 317 457 duobus
351 408 608 455 consulibus
635 406 726 453 duo
762 404 1015 452 consulares
1039 400 1262 450 exercitus
1285 398 1425 446 amiffi

137 484 499 531 nuntiabantur:
543 497 627 527 nec
656 478 745 526 ulla
782 476 868 537 jam
903 476 1039 524 castra
1075 477 1307 530 Romana,
1342 487 1427 518 nec

139 557 299 604 ducem
320 591 334 614 ,
376 571 460 602 nec
493 552 684 599 militem
728 550 841 596 effe:
885 547 1148 595 Hannibalis
1183 544 1426 609 Apuliam,

137 629 366 676 Samnium
381 664 395 687 ‚
414 644 464 674 ac
483 625 570 687 jam
589 640 732 686 prope
751 634 893 668 totam
911 621 1076 668 ltaliam
1099 619 1272 666 factam.
1290 616 1429 664 Nulla

138 701 346 766 profecto
378 700 464 746 alia
500 713 607 761 gens
642 707 764 755 tanta
800 695 921 741 mole
961 693 1096 740 cladis
1126 710 1222 739 non
1261 690 1427 737 obruta

142 763 260 822 effeti
307 774 583 835 Comparem
617 769 788 817 cladem
828 769 883 816 ad
913 769 1088 831 AEgates
1119 765 1279 812 insulas
1310 765 1430 809 Car-

142 846 484 910 thaginienfium
517 842 684 906 proelio
709 841 860 890 navali
886 852 1113 903 acceptam
1134 874 1147 897 ,
1185 855 1274 901 qua
1301 833 1428 882 fracti

84 975 89 982 s
143 920 294 967 Sicilia
331 937 382 966 ac
410 917 610 981 Sardinia
644 916 834 974 cefi‘ere‚
869 915 975 961 hinc
1007 911 1243 975 veffigales
1277 921 1326 957 ac
1351 910 1428 957 sti-

142 993 401 1056 pendiarios
429 991 524 1037 fieri
557 989 599 1037 se
626 988 732 1052 paffi
763 987 895 1034 sunt?
933 998 1009 1034 aut
1045 1002 1238 1049 pugnam
1267 985 1451 1045 adver-e

144 1067 234 1114 sam
266 1067 312 1113 in
343 1065 522 1124 Africa,
554 1063 628 1112 cui
657 1062 811 1126 postea
842 1061 918 1109 hic
949 1059 1040 1124 ipse
1073 1058 1297 1106 Hannibal
1327 1057 1432 1107 suc-.

145 1140 327 1188 cubuit?
358 1139 479 1186 nulla
495 1156 550 1185 ex
572 1149 695 1200 parte
715 1135 1032 1199 comparandae
1050 1133 1176 1192 sunt,
1200 1132 1281 1179 nisi
1303 1130 1431 1195 quod

145 1213 324 1264 minore
348 1213 505 1258 ‘animo
530 1211 627 1257 latae
653 1210 768 1258 sunt.
1074 1210 1077 1213 ’

211 1285 304 1330 LV.
336 1284 382 1329 P.
410 1282 568 1329 Furius
597 1281 748 1328 Philus
778 1283 827 1329 &
854 1283 976 1326 Man.
1009 1276 1288 1341 Pomponius
1318 1292 1430 1338 prae-

145 1370 268 1405 tores
299 1357 501 1404 senatum
527 1355 575 1401 in
606 1355 776 1403 curiam
795 1354 1032 1400 Hostiliam
1050 1362 1363 1409 vocaverunt,
1383 1360 1433 1396 ut

147 1431 203 1477 de
244 1430 366 1477 urbis
399 1428 603 1475 custodia
633 1427 932 1475 consulerent.
970 1443 1116 1490 neque
1148 1426 1268 1471 enim
1304 1423 1443 1470 dubi:

148 1505 328 1561 tabant,
362 1500 517 1548 deletis
539 1501 813 1548 exercitibus
835 1537 847 1559 ,
879 1500 1055 1547 hostem
1085 1499 1140 1545 ad
1167 1514 1435 1561 oppugnan-

148 1577 251 1624 dam
277 1577 470 1622 Romam
485 1610 500 1632 ‚
528 1574 655 1638 quod
681 1592 821 1622 unum
839 1591 953 1637 opus
972 1574 1077 1620 belli
1097 1572 1302 1632 restaret,
1323 1588 1437 1620 ven-

147 1663 314 1696 turum.
352 1647 472 1693 Cum
501 1645 548 1692 in
567 1645 694 1692 malis
713 1682 727 1704 ‚
751 1645 863 1692 ficut
891 1644 1146 1709 ingentibus
1164 1679 1180 1701 ‚
1212 1643 1273 1689 ita
1303 1643 1436 1706 igno-

119 1721 206 1768 ,τὶς
224 1756 239 1780 ,
272 1736 328 1766 ne
356 1717 594 1766 confilium
616 1718 797 1781 quidem
823 1717 930 1764 satis
944 1717 1234 1780 expedirent,
1268 1716 1435 1763 obstre-

147 1805 364 1858 peretque
382 1792 554 1839 clamor
579 1791 919 1838 lamentantium
940 1791 1205 1849 mulierum,
1223 1792 1298 1850 &‚
1321 1807 1437 1837 non⁴

151 1867 260 1912 dum
288 1865 433 1928 palam
453 1864 571 1911 facto
585 1901 599 1924 ‚
624 1864 726 1913 vivi
745 1864 1005 1927 mortuique
1033 1881 1114 1927 per
1133 1880 1292 1911 omnes
1311 1878 1439 1925 paene

152 1941 318 1987 domos
343 1938 595 2003 promiscue
619 1939 1038 2002 complorarentur:
1070 1951 1165 1985 tum
1198 1940 1257 1998 Q.
1281 1936 1439 1984 Fabius

152 2012 381 2059 Maximus
410 2011 606 2070 censuit,
630 2016 778 2074 equites
807 2015 1020 2074 expeditos
1053 2011 1095 2058 δ’
1115 2016 1267 2074 Appia
1289 2011 1330 2058 δ’
1349 2015 1440 2057 La-

153 2094 246 2136 tina
274 2092 346 2134 via
375 2091 596 2134 mittendos
615 2123 628 2146 ,
663 2090 763 2150 qui,
788 2091 932 2134 obvios
958 2082 1440 2148 percontando'aliquos

146 2163 351 2225 profeblos
385 2182 438 2208 ex
462 2163 606 2225 fuga,
634 2164 785 2227 paffim
817 2163 1058 2226 dffpasos,
1083 2162 1198 2221 force
1232 2162 1441 2222 referant,

155 2255 240 2298 quae
248 2236 432 2295 fortuna
459 2237 673 2297 consulum
701 2253 819 2298 atque
843 2239 1088 2283 exercituum
1103 2235 1165 2300 fit
1175 2256 1195 2292 ,·
1214 2234 1256 2283 G
1274 2236 1323 2300 st
1339 2236 1445 2296 quid

154 2314 244 2358 Dii
275 2314 527 2357 immortales
544 2346 558 2370 ‚
587 2313 761 2373 miseriti
770 2363 774 2366 .
792 2314 954 2373 imperii
973 2345 988 2369 ‚
1018 2314 1216 2372 reliquum
1246 2314 1444 2356 Romano

155 2387 318 2431 nomini
332 2384 534 2443 fecerint:
565 2386 634 2430 ubi
660 2403 711 2430 eae
737 2387 861 2445 copiae
876 2384 1000 2448 sint:
1034 2402 1113 2445 quo
1128 2378 1135 2389 i
1136 2384 1186 2444 fi
1217 2384 1448 2429 Hannibal

149 2459 244 2524 post
262 2462 459 2519 «proelium
482 2461 698 2511 contulerit
712 2476 729 2506 .·
757 2461 860 2520 quid
875 2473 1021 2520 paret,
1056 2460 1159 2518 quial
1182 2472 1283 2519 agac
1297 2491 1313 2518 ,
1333 2456 1444 2502 αἶὶιι-

1092 2530 1129 2575 F-
1164 2547 1196 2590 4
