1628 2890
276 169 855 222 HISTORIARUM
901 168 1029 215 LIB.
1063 164 1233 213 XXV.
1335 178 1422 226 231

145 290 277 328 moto
315 278 471 325 locum
504 292 656 324 cuneo
700 274 988 338 irruperunt,
1029 269 1258 334 jurgantes
1296 267 1428 315 fimul

144 371 248 402 cum
280 351 456 417 populo
489 348 782 413 tribunisque.
814 348 913 394 Nec
938 345 1100 410 procul
1137 342 1428 393 dimicatione

143 444 214 475 res
233 439 347 486 erat,
364 442 467 473 cum
484 424 670 472 Fulvius
689 420 847 469 consul
864 419 1078 477 tribunis,
1092 422 1246 465 Nonne
1261 419 1433 472 videtis,

142 500 292 564 inquit
306 536 320 558 ‚
339 518 414 546 vos
430 502 475 545 in
503 501 686 545 ordinem
706 493 868 542 coaHos
891 491 984 557 effic,
1007 491 1051 539 δ’
1075 512 1155 539 rem
1175 495 1235 538 ad
1247 490 1428 553 seditio-

141 592 234 619 nem
254 574 436 635 speffare
454 608 472 629 ,
502 572 551 617 ni
571 588 739 632 propere
772 569 987 614 dimittitis
1014 569 1150 627 plebis
1172 563 1429 612 concilium?

210 647 282 692 1V.
317 644 448 692 Plebe
476 643 674 701 dimissa,
714 641 889 688 senatus
921 652 1147 699 vocatur,
1185 641 1234 686 &
1260 634 1430 684 consu-⁶

142 715 207 763 les
226 716 425 764 referunt
446 716 499 762 de
524 715 727 763 concilio
746 713 889 776 plebis
915 713 1099 760 turbato
1120 711 1169 757 vi
1191 724 1321 774 atque
1346 723 1429 754 au-

142 787 270 834 dacia
303 787 664 851 publicanorum.
703 788 771 832 M.
805 787 979 831 Furium
1015 786 1235 830 Camillum
1255 815 1269 838 ‚
1305 778 1432 835 cujus

144 860 336 924 exfilium
357 863 480 906 ruina
504 862 616 907 urbis
625 860 772 920 secuta
788 857 952 917 fuerit,
979 857 1174 901 damnari
1193 855 1244 914 se
1271 854 1324 898 ab
1342 853 1429 897 iras

145 934 200 977 tis
224 934 381 979 civibus
400 931 568 996 paffizm
586 929 669 996 effe.
701 932 972 977 Decemviros
992 943 1087 974 ante
1104 946 1193 973 eum
1208 961 1223 984 ‚
1255 941 1427 987 quorum

144 1008 301 1067 legibus
321 1009 382 1052 ad
404 1025 493 1052 eam
523 1007 632 1052 diem
649 1007 853 1062 viverent,
884 1006 1039 1049 multos
1053 1002 1195 1067 postea
1216 999 1432 1060 principes>

145 1080 331 1125 civitatis
352 1114 367 1136 ‚
392 1079 612 1137 judicium
646 1081 696 1124 de
720 1077 771 1138 se
791 1079 946 1138 -populi
972 1074 1134 1139 pastos,
1170 1074 1428 1140 Postumium

144 1152 395 1213 Pyrgensem
403 1151 658 1216 ficffiagium
671 1154 831 1212 populo
852 1152 1050 1196 Romano
1079 1144 1302 1211 extorsiffi·‚
1328 1163 1431 1191 con-

144 1226 286 1270 cilium
306 1228 442 1286 plebis
461 1223 668 1292 sustuliffe
687 1260 702 1281 ,
734 1227 921 1270 tribunos
946 1225 993 1268 in
1022 1224 1208 1268 ordinem
1240 1216 1436 1282 coegffi,

144 1313 285 1344 contra
302 1303 505 1359 populum
526 1299 767 1344 Romanum
791 1299 918 1343 aciem
936 1291 1187 1362 instruxiffi,
1203 1296 1336 1339 locum
1357 1310 1431 1338 oc-

144 1369 335 1436 cupaſjQ
368 1388 415 1418 ut
448 1375 636 1418 tribunos
669 1391 697 1417 a
723 1374 838 1433 plebe
870 1372 1183 1425 intercluderet,
1219 1370 1350 1414 tribus
1383 1369 1431 1412 in

132 1443 387 1508 szffagium
421 1445 562 1490 vocari
595 1445 838 1504 prohiberet.
881 1444 1010 1487 Nihil
1040 1442 1162 1486 aliud
1193 1459 1220 1485 a
1251 1440 1354 1485 ccede
1380 1457 1431 1484 ac

143 1521 413 1566 dimicatione
438 1520 628 1564 continui
661 1538 679 1564 e
708 1520 923 1576 homines,
953 1518 1040 1584 nisi
1062 1519 1314 1579 patientiam
1333 1535 1431 1564 ma·-

142 1591 382 1658 gistratuum
402 1625 416 1649 ,
451 1593 563 1652 quod
596 1590 777 1654 cefferint
807 1593 855 1637 in
884 1593 1107 1652 praesentia
1128 1590 1274 1650 furori
1312 1607 1432 1652 atque

143 1667 331 1711 audaciae
350 1682 611 1726 paucorum,
628 1665 815 1726 vincique
822 1665 873 1726 se
897 1683 947 1710 ac
963 1668 1170 1726 populum
1190 1667 1436 1711 Romanurn

138 1738 252 1800 paffi
255 1737 349 1801 sint
363 1756 379 1783 .·
416 1735 459 1783 δ’
491 1739 660 1783 comitia
680 1772 693 1795 ‚
725 1755 812 1798 quae
839 1755 929 1784 reus
956 1740 1002 1783 vi
1033 1753 1152 1798 atque
1179 1741 1309 1784 armis
1326 1756 1433 1798 pro-²

144 1813 350 1857 bibiturus
373 1827 485 1867 erat,
505 1831 555 1856 ne
575 1811 703 1872 causa
722 1812 990 1872 quaerentibus
1021 1811 1331 1857 dimicationem
1351 1812 1433 1856 da«

146 1899 279 1942 retur,
297 1888 511 1930 voluntate
536 1883 665 1949 ipsius
683 1883 937 1948 sustulerint.
974 1883 1085 1929 Haec
1107 1898 1212 1929 cum
1232 1881 1287 1928 ab
1307 1880 1439 1943 opti-²

145 1972 224 2002 mo
244 1973 427 2020 quoque
457 1972 543 2019 pro
563 1956 802 2004 atrocitate
834 1955 898 2003 rei
927 1956 1022 2003 afta
1051 1956 1216 2014 essent,
1247 1956 1443 2016 vimque«

146 2043 245 2074 eam
280 2040 438 2075 contra
482 2028 810 2091 rempublicam
845 2029 895 2075 &
926 2026 1185 2090 pernicioso
1221 2025 1442 2089 exemplo»-

145 2102 334 2160 fzffllam,
368 2102 540 2149 senatus
576 2103 818 2158 decreffet3
854 2102 1090 2150 confestim
1125 2101 1319 2150 Carvilii
1349 2101 1441 2148 tri--

145 2175 259 2223 buni
285 2176 457 2239 plebis,
482 2176 638 2224 omiffa
670 2176 844 2223 mulctae
867 2176 1147 2232 certatione,
1176 2177 1240 2222 rei
1269 2174 1439 2237 capita—

145 2249 199 2296 lis
229 2249 346 2296 diem
369 2249 600 2297 Postumio
635 2250 876 2297 dixerunt:
910 2266 961 2296 ac
980 2285 994 2307 ‚
1028 2249 1075 2296 ni
1103 2249 1240 2298 vades
1276 2249 1400 2295 daret
1420 2282 1441 2306 ,

147 2322 366 2386 prehendi
396 2340 420 2370 a
449 2322 657 2381 viatore,
682 2336 814 2387 atque
841 2322 888 2368 in
911 2338 1134 2370 carcerem
1169 2321 1276 2369 duci
1307 2320 1438 2384 juffea

147 2407 268 2444 runt.
309 2397 590 2457 Postumius,
622 2398 813 2445 vadibus
847 2398 958 2446 datis
978 2434 992 2457 ,
1023 2414 1118 2446 non
1150 2395 1287 2450 affuit.
1325 2393 1440 2442 Tri-2

147 2467 256 2515 buni
284 2469 463 2533 plebem
497 2483 807 2535 rogaverunt,
837 2470 1075 2536 plebesque
1105 2470 1166 2517 ita
1198 2467 1360 2519 scivit:
1386 2468 1439 2512 Si,

609 2556 614 2560 .
1085 2545 1117 2590 P
1153 2561 1186 2604 4
