1628 2890
218 193 779 242 HISTORIARUM
829 195 954 239 LIB.
989 194 1192 240 XXIV.
1264 208 1347 256 205

80 301 336 366 maginem,
360 300 622 364 adjutusque
656 299 717 346 ibi
754 301 803 347 δε
831 299 885 346 ab
919 298 1070 363 legatis
1102 298 1355 362 Hippocra-

81 377 160 431 tis,
187 376 410 439 literisque
443 374 732 431 Hannibalis,
763 373 840 436 qui
871 373 1036 421 venisse
1062 388 1236 436 tempus
1262 374 1352 438 aje-

79 448 156 495 bat
183 449 343 496 Siciliae
368 464 448 510 per
478 446 694 493 summum
730 446 866 492 decus
894 447 1169 509 repetendae,
1195 446 1356 510 &ipse

80 519 201 565 haud
221 536 365 566 vanus
386 517 572 581 praesens
593 516 796 564 monitor
816 517 945 565 facile
975 520 1227 582 perpulerat
1241 555 1253 577 ‚
1280 533 1356 578 ut,

81 605 260 655 quantae
287 594 494 639 maximae
516 591 689 654 possent
705 627 718 648 ,
741 591 938 654 peditum
969 592 1257 656 equitumque
1277 610 1357 640 co-

81 665 166 728 piae
185 666 230 712 in
250 666 441 714 Siciliam
460 664 782 726 trajicerentur.
803 666 1062 713 Adveniens
1076 667 1355 726 Heracleam,

83 739 199 786 intra
233 754 405 802 paucos
441 736 532 783 dies
566 737 670 783 inde
698 735 995 800 Agrigentum
1026 738 1184 800 recipit
1203 746 1219 785 ε’
1250 738 1356 786 alia·

82 827 271 874 rumque
304 809 566 867 civitatum,
605 825 705 872 quae
733 807 881 870 ¹partis
929 808 1362 871 Carthaginiensium

85 897 238 943 erant,
267 883 379 930 adeo
415 882 606 934 accensae
642 880 741 929 sunt
770 880 864 945 spes
898 882 952 928 ad
985 881 1216 944 pellendos
1249 883 1362 929 Sici-

85 956 142 1002 lia
172 957 403 1003 Rom-anos
422 989 436 1012 ‚
463 965 512 999 ut
538 952 764 1016 postremo
796 954 955 1011 etiam,
984 953 1060 1017 qui
1092 953 1360 1000 obsideban-

85 1040 159 1073 tur
190 1027 444 1091 3yracusss,
473 1026 647 1073 animos
685 1025 971 1083 sustulerint3
1003 1027 1081 1083 &,
1117 1037 1242 1088 parte
1276 1043 1363 1073 co-

86 1101 260 1164 piarum
288 1101 386 1148 satis
405 1099 580 1146 defendi
611 1100 764 1148 urbem
791 1100 913 1164 poffe
944 1099 1056 1158 rati,
1091 1099 1153 1145 ita
1180 1098 1294 1145 inter
1319 1099 1361 1146 se

85 1192 270 1221 munera
299 1164 407 1221 belli
437 1173 589 1237 partiti
610 1173 692 1221 fint
705 1210 722 1232 ‚
749 1186 799 1221 ut
825 1173 1051 1238 Epicydes
1071 1172 1266 1235 praeeffet
1286 1190 1362 1220 cu-

86 1246 242 1293 stodiae
273 1247 421 1306 urbis,
445 1248 743 1310 Hippocrates
758 1284 771 1306 ,
793 1247 1042 1296 Himilconi
1069 1246 1363 1306 conjunctus,

87 1318 254 1365 bellum
272 1319 480 1367 adversus
504 1319 732 1367 consulem
753 1322 1009 1368 Romanum
1038 1330 1223 1382 gereret.
1244 1320 1362 1366 Cum

88 1390 240 1437 decem
260 1391 456 1437 millibus
478 1390 675 1454 peditum
689 1391 969 1455 ‚quingentis
990 1390 1213 1454 equitibus
1232 1393 1363 1438 noste

88 1479 167 1524 per
191 1463 430 1509 intermissa
463 1463 674 1510 custodiis
695 1463 796 1510 loca
827 1461 1050 1525 profefilus
1068 1497 1082 1521 ‚
1114 1463 1246 1509 castra
1274 1463 1363 1510 cir-

91 1551 141 1580 ca
161 1535 344 1581 Acrillas
380 1535 535 1582 urbem
558 1535 767 1598 ponebat.
805 1534 1114 1582 Munientibus
1147 1534 1364 1599 superve-
1381 1548 1392 1560 ⁸

89 1608 157 1655 nit
189 1610 452 1666 Marcellus,
485 1610 538 1656 ab
570 1609 816 1674 Agrigento
842 1609 931 1672 jam
964 1622 1189 1674 occupato
1209 1646 1222 1670 ,
1262 1629 1366 1658 cum

89 1679 244 1726 frustra
276 1697 332 1728 eo
357 1681 607 1743 praevenire
641 1681 811 1727 hostem
843 1680 1053 1728 festinans
1085 1682 1364 1740 tetendisset,

89 1752 292 1809 rediens3
320 1752 434 1798 nihil
462 1752 610 1800 minus
641 1765 788 1812 ratus,
821 1769 950 1816 quam
977 1753 1058 1801 illo
1091 1765 1295 1818 tempore
1315 1772 1366 1803 ac

90 1823 198 1872 loco
217 1825 543 1890 Syracusanum
572 1825 649 1871 fibi
678 1826 924 1873 exercitum
946 1826 1131 1874 obviam
1152 1826 1273 1881 fore3
1294 1827 1367 1873 secl
1431 1839 1434 1841 ’

90 1911 240 1946 tamen
259 1913 379 1946 metu
411 1899 680 1948 Himilconis
716 1901 1054 1964 Poenorumque
1086 1899 1168 1966 (ut
1203 1902 1366 1964 quibus

90 1988 371 2036 nequaquam
405 1973 466 2020 eis
500 1975 642 2036 copiis
662 2010 675 2033 ,
709 1991 815 2038 quas
851 1974 1073 2034 habebat,
1107 1990 1187 2037 par
1223 1973 1362 2038 effet)

93 2063 225 2110 quam
256 2059 431 2110 poterat
465 2049 656 2096 maxime
684 2049 908 2109 intentus,
939 2061 1071 2114 atque
1104 2049 1280 2113 agmine
1309 2048 1365 2096 ad

93 2135 250 2165 omnes
266 2117 386 2165 'casus
416 2120 668 2183 composito
702 2120 806 2168 ibat.

160 2192 379 2239 XXXVI.
401 2195 532 2239 Forte
551 2210 600 2240 ea
631 2210 735 2240 cura
751 2229 765 2252 ‚
790 2210 891 2254 quae
914 2204 1005 2240 erat
1037 2193 1241 2241 adversus
1258 2195 1368 2241 Poe-

95 2281 180 2312 nos
209 2276 479 2327 praeparata,
503 2265 711 2313 adversus
742 2265 918 2313 Siculos
946 2265 1043 2312 usui
1070 2266 1170 2314 fuit.
1201 2266 1366 2314 Castris

96 2338 317 2402 ponendis
345 2339 672 2403 incompositos
695 2358 746 2387 ac
782 2340 995 2403 dispersos
1021 2342 1170 2388 nactus
1202 2358 1280 2390 eos
1314 2343 1365 2389 δε

97 2410 334 2474 plerosque
354 2410 570 2469 inermes,
593 2413 719 2477 quod
746 2413 946 2476 peditum
968 2411 1078 2472 fuit,
1110 2413 1367 2461 circumve·-

100 2481 190 2531 nit:
219 2498 382 2546 eque3‚
413 2483 504 2537 levi
534 2483 773 2537 certamine
792 2484 938 2545 inito,
968 2501 1069 2535 cum
1087 2485 1367 2549 Hippocrate
