1628 2890
229 181 775 234 HISTOR1ARUM
811 181 936 228 ΗΒ.
987 178 1193 226 xxiv.
1268 176 1353 241 185

74 315 145 345 me
174 295 342 352 abaffl3
380 310 405 340 e
439 292 601 357 quibus
639 291 696 338 ad
730 302 926 354 quatuor
963 287 1103 336 millia
1134 286 1356 334 domanda

75 369 300 434 equitibus
331 365 489 414 divisa.

138 443 266 488 XXI.
291 439 510 497 Romani,
532 454 633 485 cum
657 436 823 484 bellum
847 452 1127 499 nequaquam
1149 445 1357 481 contem-

76 511 273 558 nendum
298 509 345 555 in
378 509 526 555 Sicilia
544 507 762 566 oriretur,
788 507 996 570 morsque
1017 507 1201 571 tyranni
1223 507 1360 553 duces

75 585 213 649 magis
241 583 455 647 impigros
478 581 659 628 dediffet
677 581 969 646 Syracusanis
986 618 1001 638 ,
1022 598 1158 643 quam
1187 580 1361 627 causam

78 672 153 706 aut
179 657 355 706 animos
383 655 585 703 mutafl‘et
599 692 614 713 ,
634 657 699 702 M.
731 654 953 702 Marcello
973 653 1099 701 alteri
1124 653 1374 707 consulum&

78 750 175 780 eam
200 730 481 795 provinciam
513 729 775 776 decernunt.
801 721 1056 775 Secundum
1085 725 1362 790 Hieronymi

79 804 246 853 caedem
266 803 412 867 primo
434 802 750 849 tumultuatum
781 800 828 848 in
847 800 1082 847 Leontinis
1108 801 1226 861 apud
1244 799 1364 845 mili-0

78 890 144 923 tes
169 876 336 932 fuerat,
356 872 750 935 vociferatumque
773 871 989 918 ferociter
1003 907 1016 927 ,
1037 871 1363 932 parentandum

77 947 172 1011 regi
199 945 407 1010 sanguine
435 944 778 1007 conjuratorum
806 945 903 991 effe.
933 944 1113 990 Deinde
1144 944 1362 991 libertatis

80 1020 292 1067 restitutae
326 1020 455 1067 dulce
487 1018 641 1067 auditu
675 1033 843 1064 nomen
880 1015 1039 1062 crebro
1070 1013 1365 1077 usurpatum,

80 1094 176 1156 spes
205 1092 318 1139 facta
346 1109 401 1139 ex
436 1090 625 1150 pecunia
655 1089 776 1153 regia
804 1086 1079 1151 largitionis,
1101 1087 1364 1149 militiaeque

81 1165 319 1230 fungendae
349 1164 543 1227 potioris
575 1162 786 1218 ducibus,
817 1162 867 1208 &
905 1159 1040 1207 relata
1070 1159 1255 1223 tyranni
1280 1159 1367 1205 foe-

82 1241 137 1287 da
177 1238 338 1286 scelera
373 1236 676 1300 foedioresque
717 1233 951 1290 libidines,
984 1231 1098 1279 adeo
1132 1244 1366 1279 mutavere

82 1313 258 1360 animos
278 1348 293 1369 ‚
326 1322 375 1357 ut
410 1304 680 1372 insepultum
714 1307 858 1370 jacere
890 1321 1056 1368 corpus
1089 1304 1227 1367 paulo
1264 1317 1367 1352 ante

84 1382 314 1432 desiderati
330 1382 443 1445 regis
461 1392 731 1445 paterentur.
754 1382 872 1426 Cum
891 1377 1027 1426 ceteri
1044 1394 1099 1423 ex
1121 1376 1367 1439 conjuratis

86 1458 141 1505 ad
176 1455 423 1504 exercitum
458 1454 756 1502 obtinendum
790 1451 1119 1509 remansissent,
1151 1450 1371 1496 Theodo-

86 1546 155 1578 tus
175 1532 224 1578 &
242 1529 358 1577 Sofis
381 1528 513 1592 regiis
539 1527 691 1593 equis,
717 1537 888 1591 quanto
910 1525 1111 1572 maximo
1135 1522 1265 1571 cursu
1285 1539 1368 1587 po„

86 1616 254 1660 terant,
288 1614 338 1650 ut
373 1603 551 1666 ignaros
597 1599 804 1648 omnium
842 1598 992 1665 regios
1028 1596 1369 1661 opprimerent,

86 1675 326 1741 Syracusas
366 1674 664 1723 contendunt.
712 1684 909 1721 ceterum
950 1682 1229 1734 praevenerat
1273 1685 1370 1715 non

88 1749 206 1796 fama
225 1748 394 1805 solum,
413 1747 523 1811 (qua
542 1745 653 1794 nihil
672 1746 718 1794 in
744 1744 905 1793 talibus
925 1743 1058 1790 rebus
1078 1743 1139 1789 est
1157 1739 1372 1804 celerius)

88 1821 162 1870 secl
184 1821 368 1869 nuntius
386 1821 518 1867 etiam
540 1837 595 1867 ex
626 1818 758 1883 regiis
777 1817 929 1865 servis.
956 1820 1107 1881 Itaque
1126 1818 1372 1864 Andrano-

89 1895 230 1945 dorus
249 1894 299 1940 &
327 1892 517 1940 Insulam
533 1928 546 1952 ,
565 1893 613 1940 &
634 1908 811 1950 arcem,
837 1891 886 1939 &
904 1890 1008 1946 alia,
1036 1908 1134 1953 quae
1164 1901 1373 1953 poterat,

90 1983 288 2031 quaeque.
298 1978 557 2029 opportuna
587 1975 736 2024 erant,
757 1963 967 2027 praefidiis
992 1961 1200 2010 firmarat.
1223 1965 1373 2009 Hexa-

89 2041 207 2105 pylo
241 2040 510 2088 Theodotus
541 2056 593 2086 ac
620 2038 735 2085 Sosis
767 2036 867 2100 post
905 2036 1009 2083 solis
1045 2036 1251 2084 occasum
1282 2034 1373 2097 jam

91 2113 281 2163 obscura
302 2113 401 2161 luce
426 2111 621 2170 inveffi,
643 2128 744 2159 cum
770 2121 998 2158 cruentam
1023 2109 1188 2173 regiam
1210 2108 1374 2156 vestem

93 2200 224 2251 atque
253 2186 421 2252 insigne
445 2183 601 2248 capitis
631 2185 934 2243 ostentarent,
953 2183 1141 2230 traveffi
1166 2198 1245 2244 per
1273 2184 1372 2246 Ty-

91 2261 246 2318 cham,
266 2259 394 2306 fimul
414 2259 468 2307 ad
486 2258 759 2315 libertatem,
777 2256 905 2303 simul
925 2256 979 2302 ad
998 2273 1117 2304 arma
1138 2266 1376 2312 vocantes,

91 2334 138 2381 in
168 2334 461 2381 Achradinam
496 2333 745 2382 convenire
778 2330 951 2395 jubent.
992 2329 1238 2376 Multitudo
1275 2344 1376 2392 pars

93 2408 322 2471 procurrit
354 2408 399 2453 in
424 2406 547 2466 vias,
580 2422 677 2470 pars
712 2405 758 2451 in
788 2403 1020 2454 vestibulis
1054 2402 1283 2465 ssat‚pars
1316 2418 1374 2446 ex

94 2479 218 2528 ῑεξὶίε
239 2478 525 2544 fenestrisque
549 2479 833 2543 prospectant
847 2511 861 2536 ‚
882 2477 959 2533 ἃ,
977 2474 1087 2537 quid
1106 2475 1170 2521 rei
1189 2473 1270 2529 fit,
1301 2487 1376 2518 ro·-
