1628 2890
257 163 807 212 HISTORIARUM
850 164 976 212 LIB.
1021 164 1198 212 XXII.
1310 166 1369 228 63

152 273 353 320 XLVIII.
385 273 480 318 Jam
509 272 559 318 &
587 271 634 318 in
661 271 833 318 sinistro
853 287 998 319 cornu
1027 273 1269 330 Romano,
1292 271 1375 319 ubi

87 344 316 393 sociorum
334 345 504 407 equites
520 344 738 409 adversus
760 345 979 392 Numidas
1009 344 1243 403 steterant,
1262 360 1375 393 con-

89 419 249 465 sertum
279 417 494 480 proelium
529 429 654 477 erat,
684 416 814 480 segne
850 417 999 479 primo
1020 454 1034 475 ‚
1072 420 1122 466 δε
1152 436 1176 465 a
1206 418 1376 466 Punica

89 503 288 554 coeptum
320 489 488 538 fraude.
531 489 786 554 Quingenti
817 489 955 538 ferme
987 492 1225 549 Numidae,
1258 510 1376 555 prae-

89 574 157 610 ter
186 563 314 610 solita
334 581 456 611 arma
476 563 654 626 telaque
671 598 685 620 ‚
716 562 890 625 gladios
911 564 1121 612 occultos
1156 564 1236 611 sub
1265 565 1380 612 lori-⁴

89 633 153 681 cis
189 635 400 682 habentes
423 671 438 694 ,
471 633 618 697 specie
652 632 982 696 transfugarum
1025 652 1128 682 cum
1165 637 1220 682 ab
1259 634 1379 693 suis,

88 724 263 771 parmas
286 708 385 771 post
418 720 543 771 terga
571 704 784 754 habentes
803 742 817 763 ‚
839 707 1186 769 adequitaffent‚
1213 724 1376 770 repen-

89 791 134 825 te
160 797 215 826 ex
247 781 373 844 equis
402 779 605 832 desiliunt
624 796 637 834 3
662 777 909 841 parmisque
929 781 978 825 &
1001 777 1156 839 jaculis
1176 793 1279 826 ante
1300 797 1381 843 pe-

91 852 167 900 des
198 853 395 899 hostium
424 852 635 915 projeffis
655 887 668 910 ‚
703 851 750 897 in
780 851 971 898 mediam
1001 853 1141 899 aciem
1176 853 1379 915 accepti,

91 925 302 985 duffique
329 926 384 972 ad
414 926 598 972 ultimos
621 962 634 982 ‚
655 924 886 973 confidere
911 924 966 970 ab
987 936 1117 988 tergo
1138 923 1382 986 jubentur3

92 1010 145 1039 ac
161 1030 174 1053 ‚
204 995 308 1041 dum
331 999 537 1057 proelium
567 1000 620 1045 ab
641 999 770 1045 omni
789 1009 914 1060 parte
934 997 1208 1055 conseritur,
1236 997 1378 1061 quieti

92 1066 359 1112 manserunt,
395 1062 628 1126 postquam
661 1069 869 1116 omnium
902 1070 1081 1116 animos
1122 1068 1377 1132 oculosque

93 1146 400 1195 occupaverat
428 1147 681 1189 certamem
714 1146 839 1191 tum,
870 1141 1056 1196 arreptis
1084 1142 1242 1193 scuns,
1278 1153 1381 1200 quae

91 1207 245 1268 paffim
264 1206 378 1252 inter
392 1224 583 1255 acervos
596 1206 814 1255 caesorum
830 1223 1077 1270 corporum
1093 1207 1222 1255 strata
1237 1221 1384 1269 erant,

93 1280 295 1326 aversam
314 1282 582 1328 adoriuntur
609 1283 861 1329 Romanam
882 1281 1048 1338 aciem3
1081 1294 1290 1347 tergaque
1311 1283 1382 1331 fe-

95 1352 287 1408 riente8‚
312 1370 362 1399 ac
395 1354 589 1416 poplites
620 1354 870 1413 medentes,
905 1354 1092 1419 stragem
1124 1356 1383 1421 ingentem,

95 1443 148 1473 ac
180 1425 398 1487 majorem
432 1427 660 1490 aliquanto
683 1443 905 1489 pavorem
934 1444 984 1474 ac
1013 1428 1282 1487 tumultum,
1314 1429 1383 1476 fe-

94 1510 269 1545 cerunt.
297 1500 413 1545 Cum
435 1500 540 1545 alibi
559 1512 706 1546 terror
741 1516 791 1545 ac
813 1499 915 1563 fuga
931 1535 945 1557 ‚
980 1499 1085 1546 alibi
1104 1501 1311 1563 pertinax
1334 1502 1384 1548 in

96 1570 211 1617 mala
244 1570 327 1631 jam
363 1571 435 1633 spe
470 1571 685 1634 proelium
722 1571 857 1627 effet3
906 1569 1189 1628 Hasdrubal,
1223 1573 1300 1636 qui
1334 1590 1384 1620 ea

96 1655 221 1707 parte
244 1657 429 1705 praeerat
447 1681 461 1702 ‚
495 1644 731 1692 subduems
757 1661 813 1691 ex
847 1643 992 1691 media
1018 1644 1111 1691 acie
1138 1645 1383 1704 Numidas,

97 1718 203 1778 quia
230 1717 371 1780 segnis
391 1734 549 1764 eorum
571 1735 672 1764 cum
695 1717 886 1764 adversis
904 1734 1053 1781 pugna
1071 1730 1185 1777 erat,
1216 1719 1269 1766 ad
1287 1735 1385 1782 per·

98 1786 348 1850 sequendos
368 1789 522 1851 passim
542 1789 760 1852 fugientes
778 1789 937 1836 mittit:
966 1788 1188 1852 Hispanos
1207 1791 1257 1837 ὃ(
1276 1790 1391 1837 Gal*

97 1859 169 1906 los
201 1861 370 1923 pedites
392 1898 404 1919 ‚
443 1860 530 1923 jam
567 1862 685 1909 Afris
727 1879 871 1926 prope
908 1862 1057 1922 feffis,
1093 1864 1213 1910 caede
1248 1864 1386 1928 magis

100 1950 232 1996 quam
267 1953 444 1999 pugna,
479 1936 692 2000 adjungit.

185 2008 350 2053 XL1X.
381 2009 509 2055 Parte
532 2009 666 2056 altera
698 2027 859 2073 pugnae
888 2010 1094 2068 Paullus,
1124 2028 1384 2075 quanquam

60 2112 70 2120 .
103 2078 253 2142 primo
286 2079 428 2128 statim
463 2082 630 2144 proelio
668 2081 803 2129 funda
836 2084 1032 2146 graviter
1063 2084 1170 2130 ierus
1208 2082 1389 2144 fuerat,

102 2165 252 2199 tamen
284 2155 333 2200 &
367 2156 566 2202 occurrit
598 2155 710 2217 saepe
742 2172 841 2202 cum
879 2156 1096 2203 confertis
1116 2157 1388 2216 Hannibali,

103 2227 155 2272 &
187 2225 363 2289 aliquot
396 2227 510 2274 locis
538 2229 759 2290 ‘proelium
795 2228 1010 2287 restituit,
1045 2231 1385 2293 protegentibus

103 2314 205 2344 eum
233 2299 462 2361 equitibus
496 2300 747 2356 Romani53
781 2301 948 2348 omiffis
979 2300 1208 2364 postremo
1231 2302 1354 2365 equis
1372 2336 1387 2357 ‚

105 2370 209 2433 quia
242 2371 471 2418 consulem
500 2374 550 2419 ὃ(
578 2375 629 2418 εδ
655 2374 896 2436 regendum
926 2391 1090 2437 equum
1127 2375 1246 2420 vires
1276 2372 1388 2420 defi-

106 2442 298 2490 ciebant.
339 2456 435 2491 tum
475 2445 758 2494 denuntianti
784 2447 994 2505 cuidam,
1027 2445 1186 2509 juffiffe
1222 2445 1391 2500 consu«,
