1628 2890
246 102 305 159 48
597 98 1158 148 T1T1L1V11

309 209 512 257 XXXV.
552 208 672 253 Cum
704 206 774 252 his
801 206 1090 255 orationibus
1121 208 1302 257 accensa
1324 209 1448 274 plebs
1469 211 1535 258 es-

246 283 308 329 set
326 320 339 340 ,
366 283 506 329 tribus
527 278 724 343 patriciis
741 281 996 343 petentibus
1013 318 1026 341 ‚
1045 284 1091 330 P.
1114 283 1337 330 Cornelio
1358 287 1538 332 Meren-

246 358 324 414 da,
346 359 393 402 L.
415 354 593 401 Manlio
625 353 860 413 Vulsone,
892 357 955 403 M.
974 355 1160 405 AEmilio
1182 358 1352 421 Lepido
1370 394 1383 415 ,
1417 357 1538 404 duo-

244 430 325 476 bus
360 428 591 476 nobilibus
609 427 698 490 jam
714 426 989 475 *familiarum
1009 429 1186 493 plebei,
1203 433 1256 478 C.
1274 432 1416 479 Atilio
1438 433 1536 478 Ser·

242 518 355 548 rano
385 503 434 549 &
467 503 529 562 Q.
557 501 679 550 AElio
710 492 870 561 Paeto,
908 519 1104 566 quorum
1143 504 1254 551 alter
1288 504 1498 567 pontifex
1520 538 1535 562 ‚

242 574 352 619 alter
375 591 517 636 augur
534 590 628 622 erat
642 611 656 633 ‚
675 575 732 622 C.
749 576 992 622 Terentius
1014 576 1172 624 consul
1195 595 1310 624 unus
1332 590 1536 635 creatur,

240 662 293 692 ut
326 646 374 692 in
407 664 543 694 manu
567 646 663 708 ejus
697 647 836 694 essent
871 647 1058 696 comitia
1095 651 1301 714 rogando
1332 649 1536 714 collegae.

239 722 360 768 Tum
380 734 568 785 experta
587 721 822 778 nobilitas,
836 739 995 784 parurn
1016 723 1139 770 fiiisse
1156 724 1320 772 virium
1342 725 1389 771 in
1408 741 1536 772 com-

240 793 532 857 petitoribus,
561 797 610 841 L.
630 795 864 841 AEmilium
886 796 1088 842 Paullum
1104 833 1119 853 ,
1145 797 1225 856 qui
1247 814 1351 839 cum
1374 799 1437 839 M.
1459 797 1534 839 Li-

192 903 198 912 .
239 867 324 914 vio
353 867 513 915 consul
547 867 718 922 fuerat,
752 870 802 909 ὃς
831 868 1123 909 damnatione
1153 864 1369 928 collegae,
1390 868 1440 914 &
1459 866 1535 913 sua

241 954 386 1000 prope
405 974 419 995 ‚
454 935 682 983 ambustus
717 935 919 982 evaserat
942 971 954 994 ,
994 935 1206 983 infestum
1243 938 1389 1000 plebei
1409 975 1423 996 ,
1458 938 1535 985 diu

241 1025 293 1055 ac
313 1007 504 1054 multum
524 1005 800 1054 recusantem
814 1039 828 1063 ‚
849 1007 905 1053 ad
926 1006 1195 1070 petitionem
1227 1008 1476 1071 compellit.
1498 1008 1535 1057 is

240 1080 457 1144 proximo
489 1078 709 1126 comitiali
743 1079 847 1139 die,
886 1080 1245 1127 concedentibus
1282 1082 1498 1129 omnibus
1517 1117 1533 1139 ,

241 1153 322 1217 qui
342 1170 444 1200 cum
462 1155 670 1199 Varrone
694 1163 979 1200 certaverant
995 1190 1007 1211 ‚
1030 1170 1109 1215 par
1135 1152 1273 1215 magis
1305 1153 1352 1199 in
1374 1154 1535 1201 adver-

170 1226 172 1230 ’
242 1228 427 1275 fandum
449 1263 463 1287 ‚
493 1244 628 1292 quam
650 1226 823 1290 collega
842 1263 855 1285 ‚
893 1227 1024 1274 datur
1047 1226 1237 1274 consuli.
1277 1228 1384 1274 Inde
1418 1245 1534 1290 prae-

242 1304 359 1351 toria
379 1304 563 1351 comitia
581 1302 745 1349 habita.
766 1302 918 1349 Creati
942 1302 1120 1348 Manius
1138 1302 1418 1365 Pomponius
1437 1304 1534 1348 Ma·

241 1377 324 1424 tho
356 1379 405 1425 &
421 1378 467 1423 P.
488 1376 647 1423 Furius
665 1374 832 1422 Philus.
852 1376 1013 1421 Romae
1032 1374 1119 1436 juri
1139 1375 1336 1422 dicundo
1358 1375 1533 1423 urbana

243 1448 338 1497 sors
372 1449 662 1512 Pomponio,
694 1448 813 1496 inter
847 1448 966 1496 cives
984 1449 1220 1496 Romanos
1253 1450 1304 1496 ὅ(
1339 1448 1567 1512 peregri-“

243 1540 330 1572 nos
358 1525 405 1570 P.
434 1523 570 1570 Furio
605 1522 734 1569 Philo
767 1521 936 1569 evenit.
970 1522 1123 1568 Additi
1159 1522 1250 1568 duo
1284 1533 1500 1584 praetores
1516 1557 1532 1581 ,

241 1598 306 1643 M.
326 1595 542 1643 Claudius
562 1595 799 1643 Marcellus
816 1595 862 1641 in
880 1595 1094 1653 Siciliam,
1112 1597 1160 1641 L.
1176 1594 1430 1642 Postumius
1450 1594 1533 1641 Al-

241 1668 373 1716 binus
396 1668 442 1716 in
471 1668 682 1716 Galliam.
716 1670 890 1714 Omnes
910 1667 1110 1714 absentes
1137 1666 1272 1714 creati
1294 1667 1396 1714 sunt
1412 1703 1425 1723 ‚
1447 1684 1533 1716 nec

242 1742 453 1807 cuiquam
471 1758 650 1800 eorum,
672 1754 832 1805 praeter
844 1741 1105 1788 Terentium
1127 1740 1355 1788 consulem
1370 1779 1385 1799 ‚
1406 1758 1532 1788 man-

243 1816 369 1863 datus
397 1816 550 1863 honos
567 1851 580 1872 ‚
610 1832 744 1879 quem
777 1813 864 1875 jam
898 1831 992 1860 non
1023 1824 1150 1861 antea
1177 1813 1361 1877 geffiffet
1379 1851 1394 1871 ‚
1415 1830 1531 1876 prae—

240 1888 383 1934 teritis
417 1888 592 1952 aliquot
622 1888 817 1935 fortibus
853 1904 902 1934 ac
942 1887 1129 1934 strenuis
1165 1887 1306 1943 viris;
1343 1887 1451 1951 quia
1481 1887 1531 1933 in
1586 1946 1592 1957 Ι

241 1960 319 2007 tali
333 1972 538 2025 tempore
558 1961 672 2010 nulli
693 1977 843 2010 novus
860 1958 1133 2026 magistratus
1153 1962 1391 2010 videbatur
1405 1977 1529 2015 man·

242 2033 429 2081 dandus,
520 2076 529 2093 ‚

322 2108 543 2155 XXXVI.
586 2107 822 2156 Exercitus
857 2124 1044 2172 quoque
1087 2105 1374 2169 multiplicati
1412 2106 1528 2154 sunt.

243 2178 441 2237 Quantae
462 2191 609 2226 autem
627 2180 829 2243 peditum
851 2180 1145 2244 equitumque
1165 2178 1325 2225 additae
1343 2177 1427 2225 sint
1446 2195 1529 2227 co-

241 2249 356 2311 piae,
393 2251 506 2298 adeo
541 2253 589 2299 &
614 2267 804 2298 numero
831 2253 880 2298 &
907 2268 1067 2314 genere
1093 2250 1328 2312 copiarum
1349 2250 1527 2296 variant

240 2323 474 2381 auctores,
508 2335 558 2371 ut
584 2324 667 2372 vix
696 2324 939 2388 quidquam
971 2324 1070 2371 satis
1108 2335 1280 2372 certum
1313 2325 1528 2371 affirmare

242 2398 395 2446 ausim.
430 2399 601 2446 Decem
631 2396 770 2445 millia
792 2414 1021 2447 novorum
1044 2396 1235 2445 militum
1263 2397 1335 2444 alii
1368 2396 1526 2460 scripta
