1628 2890
240 148 797 198 HISTORIARUM
833 150 960 198 LIB.
993 150 1219 197 XXVII.
1286 164 1381 213 409

101 261 164 304 ad
196 261 244 304 id
264 259 359 318 fore
390 261 660 316 altitudines,
689 277 793 319 quas
824 257 1007 323 cepfflm
1044 260 1198 326 hoste-5,
1236 274 1282 304 ut
1308 276 1385 319 per

96 334 328 392 praecipitia
369 329 411 376 δ’
428 347 635 393 praerupccz
652 332 854 391 stellantes
871 332 1076 394 fugerent.
1108 349 1197 377 eam
1230 349 1386 392 quoque

92 405 144 463 fi
161 407 247 448 illis
261 403 415 465 fizgam
436 405 683 465 clauficrum.
709 404 1031 468 Cohortesque
1049 404 1180 462 duas,
1203 404 1387 450 alteram

105 487 258 520 tenere
293 475 443 522 fauces
478 474 631 532 vallis,
660 491 738 538 per
767 493 901 538 quam
934 475 1178 522 deferretur
1211 476 1388 533 amnis,

104 544 257 607 jubet3
292 547 502 603 alteram,
538 547 657 595 viam
692 547 905 607 infidere,
943 565 1044 611 quae
1079 547 1134 594 ab
1165 548 1275 594 urbe
1309 563 1388 609 per

107 621 268 666 tumuli
293 621 479 685 obliqua
497 622 544 668 in
575 638 705 685 agros
724 621 872 668 ferret.
906 621 998 684 ipse
1019 620 1253 683 expeditos
1270 657 1283 678 ‚
1305 618 1387 683 qui

105 693 251 756 pridie
277 693 488 741 stationes
518 695 712 742 hostium
739 692 1026 758 pepulerant,
1050 693 1106 741 ad
1135 694 1282 741 levem
1313 709 1387 738 ar·-

108 779 360 824 maturam‚
395 766 554 815 infimo
599 767 787 815 stantem
826 766 1091 830 supercilio,
1129 765 1267 812 ducit.
1305 766 1389 811 Per

108 838 278 902 aspreta
304 841 480 903 primo,
503 841 615 888 nihil
639 842 759 889 aliud
777 859 910 905 quam
931 841 1007 890 via
1035 840 1263 903 impediti,
1282 838 1389 887 iere.

109 912 302 972 deinde,
342 927 392 961 ut
430 915 507 962 sub
545 916 676 962 ictum
714 926 965 974 venerunt,
1005 915 1199 961 telorum
1237 913 1388 974 primo

107 985 259 1032 omnis
277 987 449 1049 generis
471 988 542 1034 vis
563 987 719 1051 ingens
738 987 872 1035 effusa
891 987 953 1035 est
972 987 1019 1034 in
1042 1002 1119 1033 eos
1141 1004 1151 1032 t
1175 986 1254 1047 ipsi
1274 1002 1390 1031 con-

107 1067 198 1113 tra,
232 1057 354 1116 saxa,
387 1075 489 1121 quae
525 1059 654 1107 locus
687 1059 817 1107 strata
852 1060 1032 1124 paflim,
1063 1057 1217 1105 omnia
1249 1055 1390 1102 ferme

109 1128 281 1175 miffilia
295 1164 309 1187 ‚
330 1131 524 1191 praebet,
550 1131 751 1195 ingerere
766 1168 781 1190 ‚
803 1148 897 1179 non
926 1131 1089 1178 milites
1119 1129 1262 1176 [oium
1280 1164 1294 1187 ‚
1316 1126 1391 1174 sed

110 1200 244 1248 etiam
272 1203 400 1249 turba
427 1205 643 1271 calonum
677 1205 882 1252 immixta
912 1203 1103 1251 armatis.
1139 1203 1353 1248 Ceterum
1372 1235 1389 1256 ,

108 1292 362 1338 quanquam
387 1276 586 1324 ascensus
612 1277 804 1325 difficilis
823 1290 939 1335 erat,
973 1278 1022 1325 &
1052 1292 1195 1339 prope
1221 1276 1392 1322 obrue*

109 1350 276 1397 bantur
296 1350 394 1397 telis
417 1351 614 1415 saxisque
628 1388 642 1411 ‚
662 1351 936 1400 assuetudine
958 1362 1105 1398 tamen
1126 1345 1391 1396 succedendi

108 1438 294 1479 muros,
324 1423 374 1469 &
397 1425 640 1486 pertinacia
658 1425 824 1483 animi,
845 1424 1073 1472 subierunt
1091 1421 1238 1486 primi.
1263 1421 1357 1480 Qui
1376 1456 1391 1478 ‚

108 1497 239 1543 fimul
269 1515 425 1560 cepere
446 1499 614 1564 aliquid
642 1500 759 1563 aequi
777 1499 900 1557 loci,
924 1499 1000 1546 ubi
1020 1497 1152 1544 firmo
1179 1495 1393 1543 consiste-

112 1582 211 1616 rent·
230 1571 392 1633 gradu,
411 1569 559 1618 levem
577 1573 627 1619 δε
649 1571 1017 1619 concursatorem
1040 1570 1238 1624 hostem,
1259 1582 1394 1631 atque

110 1641 356 1691 intervallo
380 1655 527 1688 tutum
541 1679 553 1701 ,
573 1660 674 1690 cum
693 1644 855 1706 procul
874 1643 1103 1690 miffiiibus
1128 1660 1276 1706 pugna
1294 1642 1393 1688 elu-

111 1717 262 1776 ditur,
287 1717 536 1765 instabilem
565 1720 756 1766 eundem
778 1720 831 1766 ad
862 1719 1070 1767 cominus
1097 1716 1394 1764 conserendas

111 1805 298 1845 manus,
328 1789 600 1852 expulerunt
631 1789 769 1849 loco,
792 1792 842 1838 &
873 1808 975 1838 cum
1012 1790 1132 1837 caede
1158 1806 1315 1852 magna
1345 1789 1394 1836 in

111 1864 252 1910 aciem
281 1862 432 1910 altiori
465 1863 774 1926 superstantem
806 1867 982 1912 tumulo
1014 1864 1250 1927 impegere.
1288 1865 1394 1910 Inde

112 1934 289 1998 Scipio,
317 1933 437 1996 juffis
465 1935 674 1984 adversus
705 1936 895 1983 mediam
927 1937 1117 1983 evadere
1145 1935 1287 1982 aciem
1317 1935 1396 1980 vi-

114 2005 341 2064 ctoribus,
368 2019 533 2055 ceteras
556 2008 708 2070 copias
737 2025 839 2055 cum
868 2007 1007 2054 Laelio
1039 2006 1230 2062 dividit3
1261 2018 1395 2068 atque

113 2096 220 2126 eum
240 2091 366 2142 parte
387 2081 541 2127 dextra
557 2081 719 2128 tumuli
747 2082 1007 2140 circumire,
1039 2082 1187 2127 donec
1206 2081 1393 2127 mollio-

112 2152 174 2199 ris
209 2152 408 2199 ascensus
441 2153 561 2201 viam
595 2155 842 2214 inveniret,
871 2154 1007 2215 jubet.
1047 2154 1138 2217 ipse
1168 2155 1224 2202 ab
1246 2154 1390 2212 laeva,

115 2227 305 2275 circuitu
334 2226 455 2273 haud
483 2244 674 2291 magno,
702 2229 747 2274 in
771 2227 1211 2275 transversos·hostes
1239 2227 1395 2274 incur-

113 2299 183 2346 rit.
208 2297 313 2344 Inde
334 2298 481 2360 primo
501 2298 676 2346 turbata
699 2299 816 2348 acies
845 2300 927 2358 est,
947 2301 1051 2347 dum
1071 2301 1125 2347 ad
1143 2299 1394 2346 circumso-

115 2385 295 2420 nantem
326 2374 525 2439 undique
553 2375 796 2424 clamorem
830 2376 1003 2424 ssec'tere
1024 2394 1198 2424 cornua
1228 2378 1278 2423 &
1306 2376 1394 2421 ob-

106 2447 304 2497 'vertere'
332 2449 514 2498 ordines
550 2449 728 2502 volunt.
773 2452 877 2500 Hoc
915 2450 1112 2499 tumultu
1148 2450 1198 2498 &
1234 2448 1394 2495 Lat-Iius
