1628 2890
215 147 311 195 394
565 132 788 182 Τιτι
862 137 1134 184 LIVII

213 249 531 285 memorarent.
551 240 620 286 Ne
638 257 760 288 nunc
779 241 959 305 quidem
979 242 1080 305 post
1097 254 1168 290 tot
1185 241 1328 290 secula
1344 241 1500 291 silean:

215 322 314 366 tur,
336 311 654 360 fraudenturve
675 313 803 359 laude
825 313 913 361 sua.
942 314 1114 377 Signini
1137 314 1286 373 fuere,
1306 317 1355 362 &
1377 317 1498 362 Nor-

212 384 346 443 bani,
379 386 735 450 Saticulanique,
765 391 814 437 &
843 387 1121 447 Brundisini,
1146 390 1195 436 &
1222 387 1498 452 Fregellani,

212 457 264 503 &
283 458 516 518 Lucerini,
537 461 586 506 &
608 461 852 518 Venusini,
871 463 920 508 &
944 460 1186 519 Hadriani,
1210 463 1259 509 &
1279 461 1497 520 Firmani,

213 532 265 577 &
292 531 620 579 Ariminenses:
657 535 707 580 &
740 534 794 580 ab
833 534 975 580 altero
1010 533 1149 591 mari,
1179 532 1416 592 Pontiani,
1448 535 1500 582 &

212 603 397 649 Paestani
413 641 425 660 ‚
447 607 496 652 &
523 605 719 651 Cosani:
739 608 788 653 Sc
807 605 1146 663 mediterranei,
1167 606 1499 665 Beneventani,

211 678 263 724 &
281 677 524 737 AEsernini‚
546 681 595 726 &
614 679 859 742 Spoletini,
880 681 930 727 δέ
950 679 1223 735 Placentini,
1242 680 1292 726 &
1309 680 1499 726 Cremo-

211 749 382 796 nenses.
412 751 579 797 Harum
600 751 884 798 coloniarum
916 751 1111 798 subsidio
1138 762 1233 797 tum
1261 751 1500 814 imperium

213 822 375 885 populi
403 823 598 870 Romani
630 823 774 870 stetit:
808 824 947 887 iisque
980 825 1132 886 gratiae
1162 825 1212 870 &
1242 824 1289 869 in
1318 823 1504 883 senatu,

213 897 265 942 &
295 895 349 941 ad
382 897 603 958 populum
633 899 751 944 aecae.
779 898 1040 944 Duodecim
1076 898 1259 944 aliarum
1294 896 1502 944 colonia-

213 986 331 1029 rum,
348 989 450 1035 quae
465 973 824 1020 detreesaverunt
837 973 1092 1034 imperium,
1108 972 1387 1019 mentionem
1402 970 1500 1018 fieri

215 1044 367 1092 Patres
388 1057 658 1103 vetuerunt,
689 1063 834 1109 neque
864 1045 966 1092 illos
997 1045 1187 1105 dimitti,
1216 1062 1359 1107 neque
1391 1045 1502 1092 reti-

215 1118 340 1175 neri,
371 1134 516 1181 neque
541 1119 755 1181 appellari
779 1136 804 1165 a
831 1118 1104 1165 consulibus.
1135 1134 1185 1164 ea
1210 1118 1343 1165 tacita
1372 1117 1503 1165 casti-

213 1189 339 1251 gatio
365 1191 558 1237 maxime
582 1208 640 1237 ex
657 1191 872 1254 dignitate
895 1190 1054 1252 populi
1075 1190 1273 1237 Romani
1303 1190 1398 1236 visa
1424 1189 1502 1237 est.

215 1263 380 1310 Cetera
400 1263 892 1326 expedientibus‚·quae
919 1264 974 1309 ad
1004 1262 1170 1309 bellum
1202 1279 1316 1324 opus
1349 1275 1504 1322 erant,

217 1335 476 1383 consulibus
492 1373 506 1395 ,
529 1353 684 1383 aurum
704 1336 1026 1384 vicefimarium
1040 1371 1054 1393 ,
1075 1335 1201 1398 quod
1222 1335 1268 1381 in
1285 1333 1509 1381 sanuiore

219 1408 377 1455 aerario
404 1409 460 1456 ad
491 1409 674 1457 ultimos
694 1409 815 1457 casus
841 1409 1119 1466 servabatur,
1139 1407 1289 1471 promi
1320 1408 1504 1470 placuit.
1566 1434 1570 1437 ·

218 1484 402 1530 Promta
428 1485 482 1530 ad
509 1496 708 1548 quatuor
737 1483 877 1530 millia
908 1483 1067 1546 pondo
1096 1481 1204 1528 auri.
1232 1481 1336 1528 inde
1367 1481 1506 1545 quin-

215 1575 331 1621 gena
358 1559 517 1622 pondo
539 1559 647 1605 ‘data
674 1558 958 1617 consulibus,
980 1560 1030 1605 &
1051 1559 1113 1605 M.
1137 1556 1356 1604 Marcello
1382 1557 1433 1604 δέ
1456 1558 1503 1603 Ρ.

215 1631 423 1693 Sulpicio
445 1632 793 1695 proconsulibus
808 1669 822 1691 ,
842 1634 891 1680 δε
909 1634 956 1678 L.
976 1631 1168 1678 Veturio
1195 1629 1405 1693 praetori,
1426 1629 1505 1693 qui

154 1718 156 1720 ’
216 1706 414 1754 Galliam
429 1708 713 1770 provinciam
731 1707 910 1755 sortitus
924 1719 1040 1764 erat;
1058 1707 1348 1770 additumque
1365 1705 1507 1752 Fabio

221 1781 396 1828 consuli
435 1794 614 1829 centum
646 1783 802 1846 pondo
836 1782 930 1829 auri
963 1782 1270 1845 praecipuum,
1300 1780 1425 1844 quod
1456 1779 1506 1826 in

221 1871 370 1902 arcem
385 1855 677 1902 Tarentinam
696 1868 963 1919 portaretur.
984 1866 1136 1902 cetero
1152 1854 1215 1900 ufi
1234 1853 1406 1906 suntad
1423 1868 1506 1900 ve-

221 1927 425 1975 stimenta
447 1928 651 1991 praesenti
672 1929 862 1992 pecunia
884 1928 1075 1976 locanda
1096 1925 1338 1983 exercitui,
1357 1926 1435 1990 qui
1455 1925 1508 1972 ΞΠ·

221 2000 435 2062 Hispania
450 2001 615 2048 bellum
643 2001 835 2048 secunda
852 2001 926 2048 sua
946 2000 1062 2048 fama
1082 1999 1291 2062 ducisque
1312 1998 1507 2061 gerebat.

288 2077 367 2122 XI.
395 2075 604 2139 Prodigia
632 2092 841 2141 quoque,
864 2074 1119 2139 priusquam
1138 2072 1192 2118 ab
1209 2070 1319 2118 urbe
1344 2069 1514 2118 consud

224 2148 288 2197 les
317 2148 732 2212 proficiscerentur,
763 2147 998 2213 procurari
1029 2145 1211 2210 placuit.
1241 2147 1290 2190 In
1323 2143 1509 2189 Albano

225 2237 384 2269 monte
421 2223 533 2269 tacta
565 2222 619 2269 de
651 2222 774 2270 coelo
804 2234 930 2269 erant
963 2221 1135 2284 §gnum
1162 2217 1312 2272 Jovis‚
1345 2216 1513 2268 arbor-1.

226 2312 315 2358 que
339 2297 510 2358 templo
538 2296 826 2359 propinqua,
855 2299 904 2343 &
930 2295 1069 2342 Ostiae
1093 2293 1238 2348 lacus,
1263 2291 1312 2336 δε
1335 2288 1505 2350 Capuae

227 2386 382 2418 murus
402 2405 415 2427 ,
459 2372 757 2431 Fortunaeque
807 2369 921 2414 aedes
938 2402 951 2425 ‚
999 2368 1048 2413 &
1094 2362 1303 2410 Sinuessae
1356 2376 1507 2407 murus

225 2453 465 2509 portaque.
512 2443 622 2492 Haec
667 2442 721 2490 de
769 2440 892 2490 coelo
928 2439 1056 2488 taita.
1093 2440 1336 2487 Cruentam
1375 2435 1508 2482 etiam
