1628 2890
270 145 816 194 HISTORIARUM
864 147 991 194 LIB.
1036 147 1201 193 XXII.
1324 164 1375 211 13

95 259 330 315 virorum,
365 256 609 304 multitudo
647 255 795 311 stetit,
829 265 904 302 aut
939 253 1124 301 suorum
1159 252 1382 316 aliquem,

92 344 169 380 aut
183 331 365 378 nuntios
379 331 431 376 de
448 330 514 376 his
530 328 796 392 opperiens:
817 326 1383 390 circumfundebanturque

95 404 246 452 obviis
278 402 545 448 sciscitantes
567 419 580 458 ;
615 417 761 464 neque
784 400 922 446 avelli
938 436 950 456 ‚
974 400 1132 460 utique
1159 399 1213 445 ab
1236 399 1383 458 notis,

92 476 241 541 prius,
271 493 404 539 quam
441 475 602 521 ordine
637 472 791 520 omnia
823 472 1126 535 inquisissent,
1158 483 1384 534 poterant.

90 550 196 597 Inde
229 549 382 596 varios
408 548 562 594 vultus
591 545 932 610 digredientium
958 545 1013 591 ab
1034 544 1203 604 nuntiis
1225 562 1384 592 cerne-

90 638 187 680 res,
217 633 265 667 ut
306 621 470 682 cuique
504 631 579 666 aut
613 618 713 664 laeta
748 629 823 664 aut
858 617 996 664 tristia
1034 618 1384 664 nuntiabantur:

89 694 449 760 gratulantesque
482 705 559 740 aut
588 691 878 739 consolantes
901 692 1194 738 redeuntibus
1220 693 1385 739 domos

93 768 402 817 circumfusos.
436 767 719 815 Feminarum
747 766 975 829 praecipue
1005 767 1055 812 &
1086 765 1243 827 gaudia
1278 766 1386 811 infi-

94 842 199 905 gnia
218 852 371 898 erant,
397 842 446 887 &
477 839 635 886 luffiis.
665 842 817 886 Unam
847 838 893 884 in
923 837 1014 900 ipsa
1044 848 1202 899 porta,
1232 837 1385 899 sospiti

94 913 189 960 filio
213 924 396 976 repente
422 911 618 958 oblatam
635 947 649 971 ‚
684 911 732 957 in
760 909 1004 973 conspeEIu
1030 909 1124 971 ejus
1150 907 1384 972 exspirasse

93 988 270 1043 ferunt3
298 988 477 1033 alteram
496 1023 511 1043 ‚
537 986 611 1033 cui
643 1000 767 1031 mors
791 982 871 1029 filii
898 982 1010 1029 falso
1043 982 1245 1028 nuntiata
1267 994 1383 1040 eran,

93 1062 296 1109 moestam
328 1060 550 1107 sedentem
582 1058 739 1116 domi,
773 1058 828 1105 a‘d
864 1056 1058 1120 primum
1091 1055 1383 1119 conspeffinn

93 1134 320 1181 redeuntis
352 1133 430 1179 filii
460 1132 622 1195 gaudio
656 1131 800 1179 nimio
828 1129 1138 1177 exanimatam.
1171 1130 1384 1176 Senatum

94 1221 308 1272 praetores
327 1224 406 1271 per
428 1207 519 1253 dies
538 1206 712 1268 aliquo-t
731 1206 785 1251 ab
808 1215 913 1252 orto
934 1201 1073 1266 usque
1095 1202 1150 1248 ad
1168 1202 1385 1249 occiden-

94 1294 185 1328 tem
215 1281 355 1328 solem
379 1282 425 1326 in
446 1279 569 1327 curia
588 1278 804 1336 retinent,
829 1276 1160 1331 consultantes,
1182 1292 1387 1338 quonam

96 1357 237 1416 duce,
271 1369 346 1403 aut
381 1355 543 1419 quibus
579 1354 753 1419 copiis,
779 1352 916 1401 refisti
945 1351 1195 1402 victoribus
1230 1350 1386 1398 Poenis

98 1428 255 1494 poffet.

163 1504 280 1549 VIII.
299 1500 558 1566 Priusquam
579 1500 679 1548 satis
704 1511 824 1548 certa
845 1497 1028 1547 consilia
1052 1496 1211 1557 essent,
1227 1513 1387 1560 repens

97 1578 182 1624 alia
204 1576 433 1623 nuntiatur
452 1576 598 1622 clades
616 1594 627 1622 z
648 1586 843 1638 quatuor
874 1573 1015 1620 millia
1035 1572 1239 1636 equitum
1253 1607 1264 1628 ‚
1285 1587 1386 1617 cum

98 1651 152 1698 C.
177 1649 401 1696 Centenio
430 1659 714 1711 propraetore
737 1647 858 1694 missa
885 1646 939 1693 ad
967 1645 1185 1708 collegam
1208 1645 1264 1690 ab
1285 1645 1389 1690 Ser-

97 1722 217 1770 vilio
259 1720 464 1778 consule,
503 1720 548 1765 in
583 1720 801 1778 Umbria,
840 1734 932 1782 quo
966 1717 1067 1779 post
1102 1733 1299 1779 pugnam
1334 1716 1389 1762 ad

99 1794 407 1841 Trasimenum
425 1793 619 1839 auditam
646 1803 905 1841 averterant
927 1791 1013 1837 iter
1029 1826 1043 1848 9
1063 1789 1118 1836 ab
1140 1789 1389 1836 Hannibale

102 1867 427 1914 circumventa.
469 1866 574 1927 Ejus
605 1866 668 1912 rei
698 1864 814 1912 fama
844 1864 967 1912 varie
995 1862 1202 1910 homines
1231 1861 1390 1909 affecit.

101 1957 227 2005 pars,
246 1939 478 2003 occupatis
507 1939 679 2002 majore
701 1937 962 2003 aegritudine
991 1935 1150 1983 animis
1168 1971 1180 1990 ,
1215 1935 1359 1981 levem
1376 1969 1390 1991 ,

102 2032 158 2060 ex
189 2014 530 2075 comparatione
558 2012 765 2075 priorum
781 2047 796 2070 ‚
823 2011 987 2057 ducere
1012 2019 1236 2055 recentem
1260 2007 1391 2068 equi-

102 2097 198 2130 tum
225 2083 435 2145 jacturam
457 2101 468 2130 z
490 2099 588 2146 pars
618 2098 713 2128 non
740 2081 811 2138 id,
832 2080 957 2144 quod
978 2079 1228 2135 acciderat,
1250 2095 1328 2141 per
1350 2077 1392 2123 se

105 2149 343 2216 aestimare,
373 2157 472 2215 sed,
493 2171 543 2202 ut
562 2156 608 2202 in
637 2155 797 2202 affe&0
827 2170 1024 2216 corpore
1042 2152 1252 2216 quamvis
1273 2152 1389 2199 levis

106 2228 232 2275 causa
261 2228 425 2290 magis,
448 2244 580 2290 quam
605 2226 758 2273 valido
790 2227 1007 2290 gravior,
1038 2225 1300 2280 sentiretur;
1333 2225 1394 2272 ita

107 2314 200 2347 tum
235 2318 365 2364 aegrae
400 2301 450 2347 &
486 2299 650 2346 affe&ae
676 2298 852 2348 civitati
883 2299 1190 2362 quodcunque
1221 2297 1396 2344 adversi

107 2373 316 2420 inciderit
331 2410 344 2434 ‚
364 2392 460 2421 non
482 2391 630 2420 rerum
657 2374 963 2437 magnitudine
980 2409 995 2432 ,
1016 2372 1088 2419 sed
1109 2372 1281 2420 viribus
1313 2387 1396 2417 ex-

109 2446 324 2505 tenuatis,
344 2464 444 2511 quae
465 2447 575 2494 nihil
591 2482 608 2506 ,
627 2446 755 2515 quod
778 2457 1062 2513 aggravaret,
1082 2443 1174 2508 pati
1198 2441 1396 2507 pofl'ent,

1416 220 1431 247 5
