<?xml version="1.0" encoding="UTF-8"?>
<!DOCTYPE html PUBLIC "-//W3C//DTD XHTML 1.0 Transitional//EN"
    "http://www.w3.org/TR/xhtml1/DTD/xhtml1-transitional.dtd">
<html xmlns="http://www.w3.org/1999/xhtml" xml:lang="en" lang="en">
 <head>
  <title>
</title>
<meta http-equiv="Content-Type" content="text/html;charset=utf-8" />
  <meta name='ocr-system' content='tesseract 3.04.00' />
  <meta name='ocr-capabilities' content='ocr_page ocr_carea ocr_par ocr_line ocrx_word'/>
</head>
<body>
  <div class='ocr_page' id='page_1' title='image "./historiarumlibri04livyuoft_0098.png"; bbox 0 0 1628 2890; ppageno 0'>
   <div class='ocr_carea' id='block_1_1' title="bbox 185 140 1110 207">
    <p class='ocr_par' dir='ltr' id='par_1_1' title="bbox 185 140 1110 207">
     <span class='ocr_line' id='line_1_1' title="bbox 185 140 1110 207; baseline -0.005 -18"><span class='ocrx_word' id='word_1_1' title='bbox 185 161 246 207; x_wconf 73' lang='lat'><em>90</em></span> <span class='ocrx_word' id='word_1_2' title='bbox 550 140 1110 186; x_wconf 77' lang='lat' dir='ltr'>T1T1L1V11</span> 
     </span>
    </p>
   </div>
   <div class='ocr_carea' id='block_1_2' title="bbox 174 244 1474 2493">
    <p class='ocr_par' dir='ltr' id='par_1_2' title="bbox 174 244 1474 2493">
     <span class='ocr_line' id='line_1_2' title="bbox 184 244 1459 312; baseline 0.002 -19"><span class='ocrx_word' id='word_1_3' title='bbox 184 247 238 293; x_wconf 73' lang='lat' dir='ltr'><em>ad</em></span> <span class='ocrx_word' id='word_1_4' title='bbox 269 247 433 293; x_wconf 75' lang='lat' dir='ltr'><em>bellum</em></span> <span class='ocrx_word' id='word_1_5' title='bbox 465 261 579 306; x_wconf 83' lang='lat' dir='ltr'><em>opus</em></span> <span class='ocrx_word' id='word_1_6' title='bbox 606 244 771 300; x_wconf 76' lang='lat' dir='ltr'><em>effent3</em></span> <span class='ocrx_word' id='word_1_7' title='bbox 806 248 964 291; x_wconf 85' lang='lat' dir='ltr'><em>Morem</em></span> <span class='ocrx_word' id='word_1_8' title='bbox 992 250 1125 310; x_wconf 84' lang='lat' dir='ltr'><em>magis</em></span> <span class='ocrx_word' id='word_1_9' title='bbox 1144 283 1156 305; x_wconf 94' lang='lat'><em>,</em></span> <span class='ocrx_word' id='word_1_10' title='bbox 1188 247 1362 312; x_wconf 72' lang='lat' dir='ltr'><em>inquit,</em></span> <span class='ocrx_word' id='word_1_11' title='bbox 1392 255 1459 296; x_wconf 87' lang='lat' dir='ltr'><em>lo-</em></span> 
     </span>
     <span class='ocr_line' id='line_1_3' title="bbox 185 319 1461 386; baseline 0.001 -21"><span class='ocrx_word' id='word_1_12' title='bbox 185 324 334 381; x_wconf 80' lang='lat' dir='ltr'><em>quendi</em></span> <span class='ocrx_word' id='word_1_13' title='bbox 354 339 443 364; x_wconf 85' lang='lat' dir='ltr'><em>cum</em></span> <span class='ocrx_word' id='word_1_14' title='bbox 461 321 595 379; x_wconf 86' lang='lat' dir='ltr'><em>sociis</em></span> <span class='ocrx_word' id='word_1_15' title='bbox 614 319 809 386; x_wconf 81' lang='lat' dir='ltr'><em>servastis</em></span> <span class='ocrx_word' id='word_1_16' title='bbox 827 346 840 373; x_wconf 65' lang='lat'><em>‚¹</em></span> <span class='ocrx_word' id='word_1_17' title='bbox 863 321 1070 379; x_wconf 85' lang='lat' dir='ltr'><em>Campani</em></span> <span class='ocrx_word' id='word_1_18' title='bbox 1088 354 1102 376; x_wconf 88' lang='lat'><em>,</em></span> <span class='ocrx_word' id='word_1_19' title='bbox 1120 320 1309 377; x_wconf 82' lang='lat' dir='ltr'><em>jubentes</em></span> <span class='ocrx_word' id='word_1_20' title='bbox 1327 356 1341 376; x_wconf 92' lang='lat'><em>,</em></span> <span class='ocrx_word' id='word_1_21' title='bbox 1375 338 1461 381; x_wconf 81' lang='lat' dir='ltr'><em>quae</em></span> 
     </span>
     <span class='ocr_line' id='line_1_4' title="bbox 185 390 1463 453; baseline -0.001 -15"><span class='ocrx_word' id='word_1_22' title='bbox 185 411 286 453; x_wconf 86' lang='lat' dir='ltr'><em>opus</em></span> <span class='ocrx_word' id='word_1_23' title='bbox 315 390 438 453; x_wconf 74' lang='lat' dir='ltr'><em>eſjent</em></span> <span class='ocrx_word' id='word_1_24' title='bbox 464 393 524 436; x_wconf 85' lang='lat' dir='ltr'><em>ad</em></span> <span class='ocrx_word' id='word_1_25' title='bbox 551 393 700 437; x_wconf 80' lang='lat' dir='ltr'><em>bellum</em></span> <span class='ocrx_word' id='word_1_26' title='bbox 717 427 730 448; x_wconf 88' lang='lat'><em>,</em></span> <span class='ocrx_word' id='word_1_27' title='bbox 768 394 962 451; x_wconf 88' lang='lat' dir='ltr'><em>imperare</em></span> <span class='ocrx_word' id='word_1_28' title='bbox 981 427 995 447; x_wconf 91' lang='lat'>‚</span> <span class='ocrx_word' id='word_1_29' title='bbox 1030 410 1154 452; x_wconf 87' lang='lat' dir='ltr'><em>quam</em></span> <span class='ocrx_word' id='word_1_30' title='bbox 1185 395 1463 437; x_wconf 79' lang='lat' dir='ltr'><em>convenienter</em></span> 
     </span>
     <span class='ocr_line' id='line_1_5' title="bbox 183 463 1463 531; baseline -0.001 -20"><span class='ocrx_word' id='word_1_31' title='bbox 183 469 243 511; x_wconf 74' lang='lat' dir='ltr'><em>ad</em></span> <span class='ocrx_word' id='word_1_32' title='bbox 259 463 689 525; x_wconf 72' lang='lat' dir='ltr'><em>prasentemfbrturzae</em></span> <span class='ocrx_word' id='word_1_33' title='bbox 719 465 860 530; x_wconf 84' lang='lat' dir='ltr'><em>nostrae</em></span> <span class='ocrx_word' id='word_1_34' title='bbox 869 465 1033 522; x_wconf 84' lang='lat' dir='ltr'><em>statum</em></span> <span class='ocrx_word' id='word_1_35' title='bbox 1065 468 1192 511; x_wconf 87' lang='lat' dir='ltr'><em>locuti</em></span> <span class='ocrx_word' id='word_1_36' title='bbox 1207 468 1307 531; x_wconf 80' lang='lat' dir='ltr'><em>estis.</em></span> <span class='ocrx_word' id='word_1_37' title='bbox 1338 468 1463 527; x_wconf 79' lang='lat' dir='ltr'><em>Quid</em></span> 
     </span>
     <span class='ocr_line' id='line_1_6' title="bbox 184 537 1461 602; baseline -0.001 -19"><span class='ocrx_word' id='word_1_38' title='bbox 184 543 293 584; x_wconf 81' lang='lat' dir='ltr'><em>enim</em></span> <span class='ocrx_word' id='word_1_39' title='bbox 322 540 444 583; x_wconf 84' lang='lat' dir='ltr'><em>nobis</em></span> <span class='ocrx_word' id='word_1_40' title='bbox 478 542 539 584; x_wconf 85' lang='lat' dir='ltr'><em>aa&#39;</em></span> <span class='ocrx_word' id='word_1_41' title='bbox 575 540 748 584; x_wconf 81' lang='lat' dir='ltr'><em>Cannas</em></span> <span class='ocrx_word' id='word_1_42' title='bbox 787 537 966 583; x_wconf 73' lang='lat' dir='ltr'><em>relic‘lum</em></span> <span class='ocrx_word' id='word_1_43' title='bbox 1000 538 1079 600; x_wconf 81' lang='lat' dir='ltr'><em>est,</em></span> <span class='ocrx_word' id='word_1_44' title='bbox 1119 553 1193 594; x_wconf 86' lang='lat' dir='ltr'><em>ut,</em></span> <span class='ocrx_word' id='word_1_45' title='bbox 1225 538 1343 602; x_wconf 78' lang='lat' dir='ltr'><em>quast</em></span> <span class='ocrx_word' id='word_1_46' title='bbox 1375 542 1461 583; x_wconf 87' lang='lat' dir='ltr'><em>ali-</em></span> 
     </span>
     <span class='ocr_line' id='line_1_7' title="bbox 183 612 1460 675; baseline 0.002 -19"><span class='ocrx_word' id='word_1_47' title='bbox 183 614 287 672; x_wconf 77' lang='lat' dir='ltr'><em>quid</em></span> <span class='ocrx_word' id='word_1_48' title='bbox 311 613 534 658; x_wconf 78' lang='lat' dir='ltr'><em>habeamus</em></span> <span class='ocrx_word' id='word_1_49' title='bbox 551 647 564 669; x_wconf 86' lang='lat'><em>,</em></span> <span class='ocrx_word' id='word_1_50' title='bbox 600 615 672 667; x_wconf 88' lang='lat' dir='ltr'><em>id,</em></span> <span class='ocrx_word' id='word_1_51' title='bbox 701 613 813 671; x_wconf 87' lang='lat' dir='ltr'><em>quod</em></span> <span class='ocrx_word' id='word_1_52' title='bbox 834 612 956 675; x_wconf 85' lang='lat' dir='ltr'><em>deest,</em></span> <span class='ocrx_word' id='word_1_53' title='bbox 987 615 1143 671; x_wconf 84' lang='lat' dir='ltr'><em>expleri</em></span> <span class='ocrx_word' id='word_1_54' title='bbox 1168 614 1221 656; x_wconf 84' lang='lat' dir='ltr'><em>ab</em></span> <span class='ocrx_word' id='word_1_55' title='bbox 1242 613 1374 670; x_wconf 73' lang='lat' dir='ltr'><em>sociis</em></span> <span class='ocrx_word' id='word_1_56' title='bbox 1392 632 1460 658; x_wconf 78' lang='lat' dir='ltr'><em>ve-</em></span> 
     </span>
     <span class='ocr_line' id='line_1_8' title="bbox 181 686 1462 745; baseline -0.001 -15"><span class='ocrx_word' id='word_1_57' title='bbox 181 687 307 730; x_wconf 81' lang='lat' dir='ltr'><em>limus</em></span> <span class='ocrx_word' id='word_1_58' title='bbox 318 686 343 730; x_wconf 61' lang='grc' dir='ltr'><strong><em>ἓ</em></strong></span> <span class='ocrx_word' id='word_1_59' title='bbox 374 687 539 731; x_wconf 80' lang='lat' dir='ltr'><em>Pedites</em></span> <span class='ocrx_word' id='word_1_60' title='bbox 559 686 676 730; x_wconf 79' lang='lat' dir='ltr'><em>vobis</em></span> <span class='ocrx_word' id='word_1_61' title='bbox 701 687 941 745; x_wconf 78' lang='lat' dir='ltr'><em>imperemus</em></span> <span class='ocrx_word' id='word_1_62' title='bbox 956 719 968 740; x_wconf 95' lang='lat'>‚</span> <span class='ocrx_word' id='word_1_63' title='bbox 998 700 1196 743; x_wconf 80' lang='lat' dir='ltr'><em>tanquam</em></span> <span class='ocrx_word' id='word_1_64' title='bbox 1216 687 1363 745; x_wconf 81' lang='lat' dir='ltr'><em>equites</em></span> <span class='ocrx_word' id='word_1_65' title='bbox 1382 688 1462 729; x_wconf 83' lang='lat' dir='ltr'><em>Iza-</em></span> 
     </span>
     <span class='ocr_line' id='line_1_9' title="bbox 185 755 1462 820; baseline 0.001 -19"><span class='ocrx_word' id='word_1_66' title='bbox 185 760 382 803; x_wconf 77' lang='lat' dir='ltr'><em>beamus?</em></span> <span class='ocrx_word' id='word_1_67' title='bbox 403 761 624 818; x_wconf 87' lang='lat' dir='ltr'><em>pecuniam</em></span> <span class='ocrx_word' id='word_1_68' title='bbox 660 755 779 820; x_wconf 75' lang='lat' dir='ltr'><em>deeſje</em></span> <span class='ocrx_word' id='word_1_69' title='bbox 807 760 1019 814; x_wconf 86' lang='lat' dir='ltr'><em>dicamus,</em></span> <span class='ocrx_word' id='word_1_70' title='bbox 1051 773 1250 817; x_wconf 80' lang='lat' dir='ltr'><em>tanquam</em></span> <span class='ocrx_word' id='word_1_71' title='bbox 1283 776 1331 802; x_wconf 85' lang='lat' dir='ltr'><em>ea</em></span> <span class='ocrx_word' id='word_1_72' title='bbox 1362 772 1462 802; x_wconf 88' lang='lat' dir='ltr'><em>tan—</em></span> 
     </span>
     <span class='ocr_line' id='line_1_10' title="bbox 183 829 1461 892; baseline 0 -17"><span class='ocrx_word' id='word_1_73' title='bbox 183 846 268 875; x_wconf 85' lang='lat' dir='ltr'><em>tum</em></span> <span class='ocrx_word' id='word_1_74' title='bbox 295 829 432 892; x_wconf 71' lang='lat' dir='ltr'><em>desit?</em></span> <span class='ocrx_word' id='word_1_75' title='bbox 463 832 617 887; x_wconf 84' lang='lat' dir='ltr'><em>Nilzil,</em></span> <span class='ocrx_word' id='word_1_76' title='bbox 649 848 698 874; x_wconf 83' lang='lat' dir='ltr'><em>ne</em></span> <span class='ocrx_word' id='word_1_77' title='bbox 732 832 844 890; x_wconf 80' lang='lat' dir='ltr'><em>quod</em></span> <span class='ocrx_word' id='word_1_78' title='bbox 857 830 1142 890; x_wconf 78' lang='lat' dir='ltr'><em>suppleremus</em></span> <span class='ocrx_word' id='word_1_79' title='bbox 1161 832 1351 890; x_wconf 84' lang='lat' dir='ltr'><em>quidem,</em></span> <span class='ocrx_word' id='word_1_80' title='bbox 1384 847 1461 875; x_wconf 91' lang='lat' dir='ltr'><em>no-</em></span> 
     </span>
     <span class='ocr_line' id='line_1_11' title="bbox 183 902 1460 965; baseline -0.002 -16"><span class='ocrx_word' id='word_1_81' title='bbox 183 906 247 950; x_wconf 86' lang='lat' dir='ltr'><em>bis</em></span> <span class='ocrx_word' id='word_1_82' title='bbox 277 906 435 963; x_wconf 88' lang='lat' dir='ltr'><em>reliquit</em></span> <span class='ocrx_word' id='word_1_83' title='bbox 450 903 646 961; x_wconf 77' lang='lat' dir='ltr'><em>fortuna.</em></span> <span class='ocrx_word' id='word_1_84' title='bbox 673 906 852 965; x_wconf 78' lang='lat' dir='ltr'><em>legiones</em></span> <span class='ocrx_word' id='word_1_85' title='bbox 870 934 885 958; x_wconf 90' lang='lat'><em>,</em></span> <span class='ocrx_word' id='word_1_86' title='bbox 907 906 1137 964; x_wconf 78' lang='lat' dir='ltr'><em>equitatus,</em></span> <span class='ocrx_word' id='word_1_87' title='bbox 1156 921 1298 957; x_wconf 88' lang='lat' dir='ltr'><em>arma,</em></span> <span class='ocrx_word' id='word_1_88' title='bbox 1309 902 1460 965; x_wconf 68' lang='lat' dir='ltr'><em>figuti,</em></span> 
     </span>
     <span class='ocr_line' id='line_1_12' title="bbox 183 976 1467 1036; baseline -0.002 -16"><span class='ocrx_word' id='word_1_89' title='bbox 183 977 274 1036; x_wconf 86' lang='lat' dir='ltr'><em>equi</em></span> <span class='ocrx_word' id='word_1_90' title='bbox 300 977 484 1035; x_wconf 75' lang='lat' dir='ltr'><em>virique,</em></span> <span class='ocrx_word' id='word_1_91' title='bbox 505 978 711 1034; x_wconf 80' lang='lat' dir='ltr'><em>pecunia,</em></span> <span class='ocrx_word' id='word_1_92' title='bbox 747 991 993 1020; x_wconf 84' lang='lat' dir='ltr'><em>commeatus</em></span> <span class='ocrx_word' id='word_1_93' title='bbox 1013 1009 1028 1029; x_wconf 84' lang='lat'>‚</span> <span class='ocrx_word' id='word_1_94' title='bbox 1064 990 1138 1019; x_wconf 87' lang='lat' dir='ltr'><em>aut</em></span> <span class='ocrx_word' id='word_1_95' title='bbox 1163 977 1208 1019; x_wconf 86' lang='lat' dir='ltr'><em>in</em></span> <span class='ocrx_word' id='word_1_96' title='bbox 1238 976 1323 1019; x_wconf 84' lang='lat' dir='ltr'><em>acie</em></span> <span class='ocrx_word' id='word_1_97' title='bbox 1343 1008 1356 1031; x_wconf 92' lang='lat'><em>,</em></span> <span class='ocrx_word' id='word_1_98' title='bbox 1391 989 1467 1019; x_wconf 89' lang='lat' dir='ltr'><em>aut</em></span> 
     </span>
     <span class='ocr_line' id='line_1_13' title="bbox 183 1046 1463 1113; baseline 0 -21"><span class='ocrx_word' id='word_1_99' title='bbox 183 1049 294 1092; x_wconf 85' lang='lat' dir='ltr'><em>binis</em></span> <span class='ocrx_word' id='word_1_100' title='bbox 318 1049 475 1112; x_wconf 88' lang='lat' dir='ltr'><em>postero</em></span> <span class='ocrx_word' id='word_1_101' title='bbox 505 1049 570 1091; x_wconf 87' lang='lat' dir='ltr'><em>die</em></span> <span class='ocrx_word' id='word_1_102' title='bbox 602 1046 758 1108; x_wconf 68' lang='lat' dir='ltr'><em>amiffi&#39;s</em></span> <span class='ocrx_word' id='word_1_103' title='bbox 793 1049 931 1113; x_wconf 88' lang='lat' dir='ltr'><em>castris</em></span> <span class='ocrx_word' id='word_1_104' title='bbox 949 1048 1170 1108; x_wconf 87' lang='lat' dir='ltr'><em>perierunt.</em></span> <span class='ocrx_word' id='word_1_105' title='bbox 1202 1049 1344 1106; x_wconf 82' lang='lat' dir='ltr'><em>Itaque</em></span> <span class='ocrx_word' id='word_1_106' title='bbox 1377 1066 1463 1092; x_wconf 84' lang='lat' dir='ltr'><em>non</em></span> 
     </span>
     <span class='ocr_line' id='line_1_14' title="bbox 175 1120 1465 1181; baseline -0.001 -15"><span class='ocrx_word' id='word_1_107' title='bbox 175 1124 339 1181; x_wconf 80' lang='lat' dir='ltr'><em>juvetis</em></span> <span class='ocrx_word' id='word_1_108' title='bbox 357 1138 434 1167; x_wconf 85' lang='lat' dir='ltr'><em>nos</em></span> <span class='ocrx_word' id='word_1_109' title='bbox 465 1122 509 1165; x_wconf 92' lang='lat' dir='ltr'><em>in</em></span> <span class='ocrx_word' id='word_1_110' title='bbox 526 1122 628 1165; x_wconf 77' lang='lat' dir='ltr'><em>hello</em></span> <span class='ocrx_word' id='word_1_111' title='bbox 661 1136 840 1180; x_wconf 84' lang='lat' dir='ltr'><em>oportet,</em></span> <span class='ocrx_word' id='word_1_112' title='bbox 878 1122 1114 1179; x_wconf 75' lang='lat' dir='ltr'><em>Campani,</em></span> <span class='ocrx_word' id='word_1_113' title='bbox 1138 1120 1220 1180; x_wconf 87' lang='lat' dir='ltr'><em>sed</em></span> <span class='ocrx_word' id='word_1_114' title='bbox 1240 1138 1357 1179; x_wconf 80' lang='lat' dir='ltr'><em>pcene</em></span> <span class='ocrx_word' id='word_1_115' title='bbox 1382 1122 1465 1165; x_wconf 80' lang='lat' dir='ltr'><em>bel-</em></span> 
     </span>
     <span class='ocr_line' id='line_1_15' title="bbox 184 1195 1464 1257; baseline -0.002 -15"><span class='ocrx_word' id='word_1_116' title='bbox 184 1202 271 1242; x_wconf 87' lang='lat' dir='ltr'><em>lum</em></span> <span class='ocrx_word' id='word_1_117' title='bbox 300 1215 379 1257; x_wconf 89' lang='lat' dir='ltr'><em>pro</em></span> <span class='ocrx_word' id='word_1_118' title='bbox 413 1197 531 1241; x_wconf 81' lang='lat' dir='ltr'><em>nobis</em></span> <span class='ocrx_word' id='word_1_119' title='bbox 545 1195 807 1255; x_wconf 76' lang='lat' dir='ltr'><em>sufii&#39;piatis.</em></span> <span class='ocrx_word' id='word_1_120' title='bbox 839 1198 991 1241; x_wconf 79' lang='lat' dir='ltr'><em>Veniat</em></span> <span class='ocrx_word' id='word_1_121' title='bbox 1018 1198 1063 1240; x_wconf 87' lang='lat' dir='ltr'><em>in</em></span> <span class='ocrx_word' id='word_1_122' title='bbox 1091 1210 1290 1251; x_wconf 81' lang='lat' dir='ltr'><em>mentem,</em></span> <span class='ocrx_word' id='word_1_123' title='bbox 1321 1210 1366 1239; x_wconf 88' lang='lat' dir='ltr'><em>ut</em></span> <span class='ocrx_word' id='word_1_124' title='bbox 1388 1211 1464 1239; x_wconf 71' lang='lat' dir='ltr'><em>tre-⁸</em></span> 
     </span>
     <span class='ocr_line' id='line_1_16' title="bbox 181 1269 1465 1334; baseline -0.001 -20"><span class='ocrx_word' id='word_1_125' title='bbox 181 1273 307 1331; x_wconf 82' lang='lat' dir='ltr'><em>pidos</em></span> <span class='ocrx_word' id='word_1_126' title='bbox 339 1272 549 1330; x_wconf 86' lang='lat' dir='ltr'><em>quondam</em></span> <span class='ocrx_word' id='word_1_127' title='bbox 579 1269 754 1325; x_wconf 85' lang='lat' dir='ltr'><em>majores</em></span> <span class='ocrx_word' id='word_1_128' title='bbox 785 1270 928 1334; x_wconf 67' lang='lat' dir='ltr'><em>vestros</em></span> <span class='ocrx_word' id='word_1_129' title='bbox 956 1272 1068 1313; x_wconf 89' lang='lat' dir='ltr'><em>intra</em></span> <span class='ocrx_word' id='word_1_130' title='bbox 1097 1272 1251 1313; x_wconf 86' lang='lat' dir='ltr'><em>moenia</em></span> <span class='ocrx_word' id='word_1_131' title='bbox 1280 1272 1465 1328; x_wconf 52' lang='lat' dir='ltr'><em>com-pub</em></span> 
     </span>
     <span class='ocr_line' id='line_1_17' title="bbox 174 1341 1465 1406; baseline -0.002 -19"><span class='ocrx_word' id='word_1_132' title='bbox 174 1343 283 1403; x_wconf 80' lang='lat' dir='ltr'><em>sbs,</em></span> <span class='ocrx_word' id='word_1_133' title='bbox 317 1361 389 1387; x_wconf 88' lang='lat' dir='ltr'><em>nec</em></span> <span class='ocrx_word' id='word_1_134' title='bbox 422 1342 651 1386; x_wconf 77' lang='lat' dir='ltr'><em>Samnitem</em></span> <span class='ocrx_word' id='word_1_135' title='bbox 692 1344 815 1386; x_wconf 87' lang='lat' dir='ltr'><em>modo</em></span> <span class='ocrx_word' id='word_1_136' title='bbox 844 1342 1019 1406; x_wconf 74' lang='lat' dir='ltr'><em>hostem,</em></span> <span class='ocrx_word' id='word_1_137' title='bbox 1042 1341 1123 1400; x_wconf 77' lang='lat' dir='ltr'><em>sed</em></span> <span class='ocrx_word' id='word_1_138' title='bbox 1153 1343 1274 1385; x_wconf 78' lang='lat' dir='ltr'><em>etiam</em></span> <span class='ocrx_word' id='word_1_139' title='bbox 1303 1341 1465 1386; x_wconf 79' lang='lat' dir='ltr'><em>Sidici-</em></span> 
     </span>
     <span class='ocr_line' id='line_1_18' title="bbox 186 1414 1468 1476; baseline -0.001 -17"><span class='ocrx_word' id='word_1_140' title='bbox 186 1433 288 1460; x_wconf 83' lang='lat' dir='ltr'><em>num</em></span> <span class='ocrx_word' id='word_1_141' title='bbox 303 1430 497 1473; x_wconf 80' lang='lat' dir='ltr'><em>paventes</em></span> <span class='ocrx_word' id='word_1_142' title='bbox 511 1449 524 1470; x_wconf 90' lang='lat'>‚</span> <span class='ocrx_word' id='word_1_143' title='bbox 547 1429 719 1476; x_wconf 81' lang='lat' dir='ltr'><em>receptos</em></span> <span class='ocrx_word' id='word_1_144' title='bbox 738 1418 784 1459; x_wconf 89' lang='lat' dir='ltr'><em>in</em></span> <span class='ocrx_word' id='word_1_145' title='bbox 791 1416 922 1474; x_wconf 87' lang='lat' dir='ltr'><em>fidem</em></span> <span class='ocrx_word' id='word_1_146' title='bbox 941 1417 1058 1475; x_wconf 89' lang='lat' dir='ltr'><em>apud</em></span> <span class='ocrx_word' id='word_1_147' title='bbox 1072 1415 1304 1459; x_wconf 84' lang='lat' dir='ltr'><em>Saticulam</em></span> <span class='ocrx_word' id='word_1_148' title='bbox 1330 1414 1468 1472; x_wconf 70' lang='lat' dir='ltr'><em>defen-</em></span> 
     </span>
     <span class='ocr_line' id='line_1_19' title="bbox 187 1488 1466 1546; baseline 0 -15"><span class='ocrx_word' id='word_1_149' title='bbox 187 1489 391 1542; x_wconf 84' lang='lat' dir='ltr'><em>derimus,</em></span> <span class='ocrx_word' id='word_1_150' title='bbox 419 1501 666 1546; x_wconf 84' lang='lat' dir='ltr'><em>coeptumque</em></span> <span class='ocrx_word' id='word_1_151' title='bbox 690 1502 858 1546; x_wconf 85' lang='lat' dir='ltr'><em>propter</em></span> <span class='ocrx_word' id='word_1_152' title='bbox 882 1502 958 1532; x_wconf 77' lang='lat' dir='ltr'><em>vos</em></span> <span class='ocrx_word' id='word_1_153' title='bbox 986 1505 1078 1531; x_wconf 86' lang='lat' dir='ltr'><em>cum</em></span> <span class='ocrx_word' id='word_1_154' title='bbox 1103 1488 1364 1532; x_wconf 83' lang='lat' dir='ltr'><em>Samnitibus</em></span> <span class='ocrx_word' id='word_1_155' title='bbox 1387 1488 1466 1531; x_wconf 82' lang='lat' dir='ltr'><em>bel-</em></span> 
     </span>
     <span class='ocr_line' id='line_1_20' title="bbox 186 1556 1467 1620; baseline -0.004 -15"><span class='ocrx_word' id='word_1_156' title='bbox 186 1564 273 1605; x_wconf 91' lang='lat' dir='ltr'><em>lum</em></span> <span class='ocrx_word' id='word_1_157' title='bbox 295 1578 370 1618; x_wconf 84' lang='lat' dir='ltr'><em>per</em></span> <span class='ocrx_word' id='word_1_158' title='bbox 399 1576 555 1604; x_wconf 88' lang='lat' dir='ltr'><em>centum</em></span> <span class='ocrx_word' id='word_1_159' title='bbox 579 1578 708 1620; x_wconf 89' lang='lat' dir='ltr'><em>prope</em></span> <span class='ocrx_word' id='word_1_160' title='bbox 739 1577 896 1613; x_wconf 88' lang='lat' dir='ltr'><em>annos,</em></span> <span class='ocrx_word' id='word_1_161' title='bbox 929 1560 1120 1604; x_wconf 79' lang='lat' dir='ltr'><em>variante</em></span> <span class='ocrx_word' id='word_1_162' title='bbox 1138 1556 1318 1615; x_wconf 76' lang='lat' dir='ltr'><em>fortuna</em></span> <span class='ocrx_word' id='word_1_163' title='bbox 1344 1575 1467 1603; x_wconf 79' lang='lat' dir='ltr'><em>even-</em></span> 
     </span>
     <span class='ocr_line' id='line_1_21' title="bbox 188 1629 1466 1691; baseline -0.002 -15"><span class='ocrx_word' id='word_1_164' title='bbox 188 1649 301 1688; x_wconf 86' lang='lat' dir='ltr'><em>tum,</em></span> <span class='ocrx_word' id='word_1_165' title='bbox 330 1634 558 1678; x_wconf 84' lang='lat' dir='ltr'><em>tulerimus.</em></span> <span class='ocrx_word' id='word_1_166' title='bbox 595 1632 784 1688; x_wconf 84' lang='lat' dir='ltr'><em>Adjicite</em></span> <span class='ocrx_word' id='word_1_167' title='bbox 803 1635 863 1677; x_wconf 85' lang='lat' dir='ltr'><em>ad</em></span> <span class='ocrx_word' id='word_1_168' title='bbox 885 1632 995 1688; x_wconf 73' lang='lat' dir='ltr'><em>haec,</em></span> <span class='ocrx_word' id='word_1_169' title='bbox 1014 1633 1126 1691; x_wconf 81' lang='lat' dir='ltr'><em>quod</em></span> <span class='ocrx_word' id='word_1_170' title='bbox 1137 1629 1284 1687; x_wconf 86' lang='lat' dir='ltr'><em>soedus</em></span> <span class='ocrx_word' id='word_1_171' title='bbox 1309 1647 1466 1689; x_wconf 81' lang='lat' dir='ltr'><em>aequum</em></span> 
     </span>
     <span class='ocr_line' id='line_1_22' title="bbox 189 1705 1470 1771; baseline -0.002 -22"><span class='ocrx_word' id='word_1_172' title='bbox 189 1706 377 1761; x_wconf 84' lang='lat' dir='ltr'><em>deditis,</em></span> <span class='ocrx_word' id='word_1_173' title='bbox 410 1708 522 1765; x_wconf 84' lang='lat' dir='ltr'><em>quod</em></span> <span class='ocrx_word' id='word_1_174' title='bbox 554 1710 656 1767; x_wconf 70' lang='lat' dir='ltr'><em>leges</em></span> <span class='ocrx_word' id='word_1_175' title='bbox 689 1705 864 1771; x_wconf 82' lang='lat' dir='ltr'><em>vestras,</em></span> <span class='ocrx_word' id='word_1_176' title='bbox 902 1708 1015 1765; x_wconf 85' lang='lat' dir='ltr'><em>quod</em></span> <span class='ocrx_word' id='word_1_177' title='bbox 1039 1707 1099 1749; x_wconf 85' lang='lat' dir='ltr'><em>ad</em></span> <span class='ocrx_word' id='word_1_178' title='bbox 1128 1720 1349 1749; x_wconf 80' lang='lat' dir='ltr'><em>extremum</em></span> <span class='ocrx_word' id='word_1_179' title='bbox 1389 1705 1470 1763; x_wconf 76' lang='lat' dir='ltr'><em>(id</em></span> 
     </span>
     <span class='ocr_line' id='line_1_23' title="bbox 192 1775 1467 1839; baseline -0.002 -15"><span class='ocrx_word' id='word_1_180' title='bbox 192 1780 304 1839; x_wconf 81' lang='lat' dir='ltr'><em>quod</em></span> <span class='ocrx_word' id='word_1_181' title='bbox 336 1794 432 1823; x_wconf 86' lang='lat' dir='ltr'><em>ante</em></span> <span class='ocrx_word' id='word_1_182' title='bbox 470 1778 720 1838; x_wconf 82' lang='lat' dir='ltr'><em>Cannensem</em></span> <span class='ocrx_word' id='word_1_183' title='bbox 756 1793 851 1823; x_wconf 84' lang='lat' dir='ltr'><em>certe</em></span> <span class='ocrx_word' id='word_1_184' title='bbox 887 1781 1043 1823; x_wconf 83' lang='lat' dir='ltr'><em>cladem</em></span> <span class='ocrx_word' id='word_1_185' title='bbox 1081 1778 1316 1822; x_wconf 84' lang='lat' dir='ltr'><em>maximum</em></span> <span class='ocrx_word' id='word_1_186' title='bbox 1337 1775 1430 1833; x_wconf 77' lang='lat' dir='ltr'><em>fuit</em></span> <span class='ocrx_word' id='word_1_187' title='bbox 1444 1777 1467 1833; x_wconf 96' lang='lat'><em>)</em></span> 
     </span>
     <span class='ocr_line' id='line_1_24' title="bbox 189 1848 1469 1915; baseline -0.001 -20"><span class='ocrx_word' id='word_1_188' title='bbox 189 1852 391 1896; x_wconf 76' lang='lat' dir='ltr'><em>civitatem</em></span> <span class='ocrx_word' id='word_1_189' title='bbox 414 1853 589 1915; x_wconf 76' lang='lat' dir='ltr'><em>ncstram</em></span> <span class='ocrx_word' id='word_1_190' title='bbox 609 1848 766 1914; x_wconf 69' lang='lat' dir='ltr'><em>magnae</em></span> <span class='ocrx_word' id='word_1_191' title='bbox 780 1854 895 1912; x_wconf 64' lang='lat' dir='ltr'><em>parti</em></span> <span class='ocrx_word' id='word_1_192' title='bbox 924 1851 1089 1915; x_wconf 78' lang='lat' dir='ltr'><em>vestrum</em></span> <span class='ocrx_word' id='word_1_193' title='bbox 1118 1853 1329 1905; x_wconf 81' lang='lat' dir='ltr'><em>dedimus,</em></span> <span class='ocrx_word' id='word_1_194' title='bbox 1359 1867 1469 1894; x_wconf 88' lang='lat' dir='ltr'><em>com-</em></span> 
     </span>
     <span class='ocr_line' id='line_1_25' title="bbox 190 1925 1469 1986; baseline -0.001 -17"><span class='ocrx_word' id='word_1_195' title='bbox 190 1925 566 1985; x_wconf 72' lang='lat' dir='ltr'><em>municavimusque</em></span> <span class='ocrx_word' id='word_1_196' title='bbox 583 1927 804 1986; x_wconf 70' lang='lat' dir='ltr'><em>vobiscum.</em></span> <span class='ocrx_word' id='word_1_197' title='bbox 836 1929 976 1986; x_wconf 84' lang='lat' dir='ltr'><em>Itaque</em></span> <span class='ocrx_word' id='word_1_198' title='bbox 993 1941 1247 1969; x_wconf 89' lang='lat' dir='ltr'><em>communem</em></span> <span class='ocrx_word' id='word_1_199' title='bbox 1269 1941 1343 1969; x_wconf 78' lang='lat' dir='ltr'><em>vos</em></span> <span class='ocrx_word' id='word_1_200' title='bbox 1360 1925 1469 1968; x_wconf 74' lang='lat' dir='ltr'><em>lianc</em></span> 
     </span>
     <span class='ocr_line' id='line_1_26' title="bbox 188 1997 1468 2063; baseline -0.002 -20"><span class='ocrx_word' id='word_1_201' title='bbox 188 2000 344 2043; x_wconf 84' lang='lat' dir='ltr'><em>cladem</em></span> <span class='ocrx_word' id='word_1_202' title='bbox 360 2030 373 2052; x_wconf 95' lang='lat'><em>,</em></span> <span class='ocrx_word' id='word_1_203' title='bbox 402 2016 488 2058; x_wconf 81' lang='lat' dir='ltr'><em>quae</em></span> <span class='ocrx_word' id='word_1_204' title='bbox 518 2014 680 2058; x_wconf 82' lang='lat' dir='ltr'><em>accepta</em></span> <span class='ocrx_word' id='word_1_205' title='bbox 707 2000 786 2063; x_wconf 89' lang='lat' dir='ltr'><em>est,</em></span> <span class='ocrx_word' id='word_1_206' title='bbox 818 2002 997 2052; x_wconf 85' lang='lat' dir='ltr'><em>credere,</em></span> <span class='ocrx_word' id='word_1_207' title='bbox 1024 1997 1257 2057; x_wconf 81' lang='lat' dir='ltr'><em>Campani,</em></span> <span class='ocrx_word' id='word_1_208' title='bbox 1286 2011 1468 2056; x_wconf 81' lang='lat' dir='ltr'><em>oportet,</em></span> 
     </span>
     <span class='ocr_line' id='line_1_27' title="bbox 189 2069 1469 2134; baseline -0.001 -19"><span class='ocrx_word' id='word_1_209' title='bbox 189 2088 441 2116; x_wconf 88' lang='lat' dir='ltr'><em>communem</em></span> <span class='ocrx_word' id='word_1_210' title='bbox 465 2075 652 2132; x_wconf 87' lang='lat' dir='ltr'><em>patriam</em></span> <span class='ocrx_word' id='word_1_211' title='bbox 678 2074 875 2117; x_wconf 87' lang='lat' dir='ltr'><em>tuendam</em></span> <span class='ocrx_word' id='word_1_212' title='bbox 896 2073 1091 2116; x_wconf 82' lang='lat' dir='ltr'><em>arbitrari</em></span> <span class='ocrx_word' id='word_1_213' title='bbox 1120 2069 1207 2134; x_wconf 78' lang='lat' dir='ltr'><em>effe.</em></span> <span class='ocrx_word' id='word_1_214' title='bbox 1242 2073 1343 2115; x_wconf 87' lang='lat' dir='ltr'><em>Non</em></span> <span class='ocrx_word' id='word_1_215' title='bbox 1380 2089 1469 2115; x_wconf 83' lang='lat' dir='ltr'><em>curn</em></span> 
     </span>
     <span class='ocr_line' id='line_1_28' title="bbox 189 2144 1471 2208; baseline 0.002 -24"><span class='ocrx_word' id='word_1_216' title='bbox 189 2145 378 2187; x_wconf 79' lang='lat' dir='ltr'><em>Samnite</em></span> <span class='ocrx_word' id='word_1_217' title='bbox 408 2159 483 2188; x_wconf 83' lang='lat' dir='ltr'><em>aut</em></span> <span class='ocrx_word' id='word_1_218' title='bbox 505 2144 679 2203; x_wconf 76' lang='lat' dir='ltr'><em>Etrusco</em></span> <span class='ocrx_word' id='word_1_219' title='bbox 713 2161 774 2190; x_wconf 89' lang='lat' dir='ltr'><em>res</em></span> <span class='ocrx_word' id='word_1_220' title='bbox 795 2144 848 2208; x_wconf 63' lang='lat' dir='ltr'><em>{ss</em></span> <span class='ocrx_word' id='word_1_221' title='bbox 862 2178 875 2199; x_wconf 86' lang='lat'><em>‚</em></span> <span class='ocrx_word' id='word_1_222' title='bbox 904 2159 950 2187; x_wconf 88' lang='lat' dir='ltr'><em>ut</em></span> <span class='ocrx_word' id='word_1_223' title='bbox 968 2177 978 2194; x_wconf 69' lang='lat'>‚</span> <span class='ocrx_word' id='word_1_224' title='bbox 1005 2146 1117 2202; x_wconf 86' lang='lat' dir='ltr'><em>quod</em></span> <span class='ocrx_word' id='word_1_225' title='bbox 1141 2162 1168 2187; x_wconf 91' lang='lat' dir='ltr'><em>a</em></span> <span class='ocrx_word' id='word_1_226' title='bbox 1201 2145 1322 2188; x_wconf 82' lang='lat' dir='ltr'><em>nobis</em></span> <span class='ocrx_word' id='word_1_227' title='bbox 1353 2145 1471 2188; x_wconf 78' lang='lat' dir='ltr'><em>abla-</em></span> 
     </span>
     <span class='ocr_line' id='line_1_29' title="bbox 190 2215 1474 2278; baseline 0.002 -19"><span class='ocrx_word' id='word_1_228' title='bbox 190 2231 277 2259; x_wconf 89' lang='lat' dir='ltr'><em>tum</em></span> <span class='ocrx_word' id='word_1_229' title='bbox 291 2215 380 2278; x_wconf 83' lang='lat' dir='ltr'><em>sit,</em></span> <span class='ocrx_word' id='word_1_230' title='bbox 404 2219 450 2260; x_wconf 90' lang='lat' dir='ltr'><em>in</em></span> <span class='ocrx_word' id='word_1_231' title='bbox 469 2219 599 2262; x_wconf 84' lang='lat' dir='ltr'><em>Italia</em></span> <span class='ocrx_word' id='word_1_232' title='bbox 615 2233 751 2262; x_wconf 84' lang='lat' dir='ltr'><em>tamen</em></span> <span class='ocrx_word' id='word_1_233' title='bbox 772 2220 985 2276; x_wconf 86' lang='lat' dir='ltr'><em>imperium</em></span> <span class='ocrx_word' id='word_1_234' title='bbox 1014 2233 1193 2263; x_wconf 85' lang='lat' dir='ltr'><em>maneat.</em></span> <span class='ocrx_word' id='word_1_235' title='bbox 1221 2219 1379 2262; x_wconf 77' lang='lat' dir='ltr'><em>Poenus</em></span> <span class='ocrx_word' id='word_1_236' title='bbox 1396 2218 1474 2261; x_wconf 87' lang='lat' dir='ltr'><em>lzo-</em></span> 
     </span>
     <span class='ocr_line' id='line_1_30' title="bbox 174 2287 1472 2352; baseline 0.002 -22"><span class='ocrx_word' id='word_1_237' title='bbox 174 2287 280 2352; x_wconf 81' lang='lat' dir='ltr'><em>stis,</em></span> <span class='ocrx_word' id='word_1_238' title='bbox 316 2306 365 2332; x_wconf 81' lang='lat' dir='ltr'><em>ne</em></span> <span class='ocrx_word' id='word_1_239' title='bbox 390 2287 550 2346; x_wconf 84' lang='lat' dir='ltr'><em>Africae</em></span> <span class='ocrx_word' id='word_1_240' title='bbox 578 2290 740 2349; x_wconf 87' lang='lat' dir='ltr'><em>quidem</em></span> <span class='ocrx_word' id='word_1_241' title='bbox 771 2291 1039 2349; x_wconf 75' lang='lat' dir='ltr'><em>indigenam,</em></span> <span class='ocrx_word' id='word_1_242' title='bbox 1071 2293 1124 2334; x_wconf 84' lang='lat' dir='ltr'><em>ab</em></span> <span class='ocrx_word' id='word_1_243' title='bbox 1152 2291 1314 2335; x_wconf 85' lang='lat' dir='ltr'><em>ultimis</em></span> <span class='ocrx_word' id='word_1_244' title='bbox 1345 2305 1472 2333; x_wconf 83' lang='lat' dir='ltr'><em>terra-</em></span> 
     </span>
     <span class='ocr_line' id='line_1_31' title="bbox 193 2360 1468 2421; baseline 0.002 -18"><span class='ocrx_word' id='word_1_245' title='bbox 193 2378 280 2404; x_wconf 86' lang='lat' dir='ltr'><em>rum</em></span> <span class='ocrx_word' id='word_1_246' title='bbox 305 2363 417 2415; x_wconf 75' lang='lat' dir='ltr'><em>oris,</em></span> <span class='ocrx_word' id='word_1_247' title='bbox 435 2360 547 2418; x_wconf 83' lang='lat' dir='ltr'><em>freto</em></span> <span class='ocrx_word' id='word_1_248' title='bbox 583 2362 745 2406; x_wconf 85' lang='lat' dir='ltr'><em>Oceani</em></span> <span class='ocrx_word' id='word_1_249' title='bbox 771 2362 1036 2421; x_wconf 78' lang='lat' dir='ltr'><em>Herculisque</em></span> <span class='ocrx_word' id='word_1_250' title='bbox 1061 2363 1288 2415; x_wconf 84' lang='lat' dir='ltr'><em>columnis,</em></span> <span class='ocrx_word' id='word_1_251' title='bbox 1325 2379 1468 2421; x_wconf 84' lang='lat' dir='ltr'><em>exper-</em></span> 
     </span>
     <span class='ocr_line' id='line_1_32' title="bbox 187 2429 1471 2493; baseline 0.001 -18"><span class='ocrx_word' id='word_1_252' title='bbox 187 2444 265 2475; x_wconf 87' lang='lat' dir='ltr'><em>tem</em></span> <span class='ocrx_word' id='word_1_253' title='bbox 285 2433 419 2477; x_wconf 88' lang='lat' dir='ltr'><em>omnis</em></span> <span class='ocrx_word' id='word_1_254' title='bbox 424 2430 542 2488; x_wconf 85' lang='lat' dir='ltr'><em>juris</em></span> <span class='ocrx_word' id='word_1_255' title='bbox 558 2430 599 2479; x_wconf 70' lang='lat'><em>6⁴</em></span> <span class='ocrx_word' id='word_1_256' title='bbox 622 2434 875 2478; x_wconf 77' lang='lat' dir='ltr'><em>conditionis</em></span> <span class='ocrx_word' id='word_1_257' title='bbox 897 2429 938 2479; x_wconf 65' lang='grc' dir='ltr'><em>δ’</em></span> <span class='ocrx_word' id='word_1_258' title='bbox 957 2434 1106 2493; x_wconf 69' lang='lat' dir='ltr'><em>lingua</em></span> <span class='ocrx_word' id='word_1_259' title='bbox 1116 2450 1244 2492; x_wconf 88' lang='lat' dir='ltr'><em>prope</em></span> <span class='ocrx_word' id='word_1_260' title='bbox 1263 2433 1471 2488; x_wconf 81' lang='lat' dir='ltr'><em>lzumanae,</em></span> 
     </span>
    </p>
   </div>
   <div class='ocr_carea' id='block_1_3' title="bbox 1605 0 1628 1903">
    <p class='ocr_par' dir='ltr' id='par_1_3' title="bbox 1605 0 1628 1903">
     <span class='ocr_line' id='line_1_33' title="bbox 1605 0 1628 1903; baseline 0 0"><span class='ocrx_word' id='word_1_261' title='bbox 1605 0 1628 1903; x_wconf 95' lang='lat' dir='ltr'><em> </em></span> 
     </span>
    </p>
   </div>
  </div>
 </body>
</html>
