1628 2890
232 117 320 162 ωε
589 111 1141 167 T1T1L1v11

230 222 370 268 Acras
399 217 605 281 perfugit.
641 220 702 263 Ea
734 233 882 280 pugna
911 215 1166 262 deficientes
1200 214 1253 262 ab
1289 214 1508 262 Romanis

229 291 335 342 cum
369 289 636 338 cohibuisset
666 288 871 345 Siculos,
903 288 1140 334 Marcellus
1166 287 1404 351 Syracusas
1435 303 1508 331 re·-

229 366 344 414 tliit:
380 364 430 410 &
456 363 556 426 post
590 377 758 424 paucos
783 361 875 407 dies
893 360 1117 417 Himilco,
1140 360 1359 421 'adjun6io
1392 358 1509 421 Hip-

231 447 441 501 pocrate,
473 435 526 481 ad
549 433 717 480 flumen
735 436 941 496 Anapum
959 470 972 491 ,
999 433 1104 478 ocio
1124 431 1261 479 ferme
1283 433 1386 478 inde
1410 431 1509 477 mil·

232 507 291 555 lia
309 544 325 564 ,
352 506 489 554 castra
517 505 679 568 posuit.
710 506 799 552 Sub
829 505 945 551 idem
979 504 1070 550 fere
1090 517 1264 566 tempus
1293 507 1341 551 &
1371 518 1512 549 naves

233 580 386 644 longae
417 579 616 643 quinque
642 580 690 626 &
723 577 1047 641 quinquaginta
1081 577 1510 640 Carthaginiensium

233 670 338 701 cum
356 651 609 699 Bomilcare
632 650 772 698 claffis
796 649 1008 713 praefe&o
1034 649 1079 694 in
1098 664 1302 711 magnum
1326 660 1510 710 portum

235 725 474 790 Syracusas
496 742 550 772 ex
568 725 660 771 alto
685 725 917 771 decurrere
938 741 951 779 ;
984 726 1032 770 ὅ(
1051 724 1255 768 Romana
1274 722 1378 767 item
1402 718 1513 766 clas-

235 800 318 852 ss,
349 786 529 862 triginta
559 798 928 861 quinqueremes,
960 796 1182 859 legionem
1215 794 1401 857 primam
1432 793 1516 838 Pa·—

170 878 173 881 '
236 871 387 918 normi
405 870 676 934 exposuere:
698 870 966 934 versumque
986 868 1174 915 abltalia
1193 868 1355 914 bellum
1377 865 1514 928 (adeo

238 955 425 1005 uterque
456 941 651 1004 populus
673 941 719 986 in
742 941 935 988 Siciliam
968 939 1190 1003 intentus)
1218 938 1343 984 fuiffe
1367 934 1513 984 videri

235 1027 428 1080 poterat.
465 1015 710 1079 Legionem
738 1016 994 1061 'Romanam
1015 1050 1027 1072 ,
1058 1031 1160 1077 quae
1193 1011 1393 1075 exposita
1430 1010 1514 1054 Pa-

239 1089 390 1135 normi
410 1101 502 1134 erat
515 1124 528 1146 ,
554 1089 810 1135 venientem
829 1087 1062 1152 Syracusas
1077 1124 1090 1145 ,
1117 1087 1278 1149 praedae
1298 1083 1414 1130 haud
1434 1083 1518 1128 clu-

234 1163 312 1209 bie
345 1161 423 1206 fibi
442 1160 633 1207 furui-am
661 1160 860 1206 Himilco
893 1171 1042 1215 ratus,
1070 1158 1144 1204 via
1164 1157 1394 1220 decipitur.
1417 1171 1516 1200 me·

239 1236 494 1282 (literraneo
518 1250 707 1296 namque
724 1236 891 1280 Poenus
908 1232 1066 1278 itinere
1093 1231 1249 1285 duxit3
1279 1230 1398 1293 legio
1424 1245 1519 1285 ma-

240 1306 400 1353 ritimis
423 1306 561 1369 locis,
584 1304 711 1351 claffe
731 1303 1030 1367 prosequente
1044 1338 1057 1360 ,
1078 1302 1131 1348 ad
1149 1303 1232 1363 Ap.
1249 1298 1519 1355 Claudium,

238 1380 506 1443 Pachynum
539 1395 643 1425 cum
675 1389 796 1440 parte
833 1376 1066 1439 copiarum
1099 1375 1284 1421 obviam
1315 1372 1519 1437 progres-
1540 1432 1551 1437 μ

240 1455 334 1501 sum
347 1490 361 1512 ,
379 1453 601 1516 pervenit.
632 1454 729 1499 Nec
755 1451 921 1498 diutius
940 1450 1069 1497 Poeni
1087 1451 1142 1497 ad
1161 1449 1398 1514 Syracusas
1418 1464 1520 1494 mo-

242 1532 326 1581 rati
360 1531 473 1578 sunt.
511 1532 561 1577 &
589 1528 841 1585 Bomilcar,
870 1526 998 1573 fimul
1027 1543 1184 1589 parum
1214 1524 1354 1570 fidens
1384 1523 1519 1568 navi-

243 1608 327 1657 bus
358 1606 470 1663 suis,
495 1604 662 1667 duplici
691 1602 820 1649 facile
841 1617 1030 1648 numero
1057 1599 1228 1647 claffem
1253 1596 1520 1644 habentibus

244 1678 489 1735 Romanis,
509 1676 636 1722 simul
660 1675 807 1730 inutili
836 1691 964 1721 mora
993 1689 1177 1720 cernens
1195 1671 1309 1718 nihil
1326 1670 1445 1716 aliud
1464 1669 1520 1715 ab

245 1751 336 1799 suis
357 1768 490 1814 quam
523 1749 677 1812 inopia
708 1747 938 1812 aggravari
965 1746 1141 1803 socios,
1165 1744 1278 1792 velis
1309 1742 1355 1788 in
1381 1741 1522 1788 altum

247 1825 384 1882 datis,
402 1825 447 1870 in
465 1822 662 1870 Africam
683 1821 1002 1877 transmifit.Et
1013 1819 1236 1876 Himilco,
1252 1817 1425 1863 secutus
1446 1833 1522 1862 ne·

247 1899 493 1962 qiiidquam
516 1896 780 1942 Marcellum
798 1891 1060 1958 Syracusas,
1085 1892 1115 1937 fi
1135 1908 1246 1955 qua,
1270 1887 1525 1952 priusquam

249 1970 496 2033 majoribus
525 1970 670 2032 copiis
693 1968 981 2032 jungeretur,
1012 1965 1190 2012 occasio
1215 1961 1440 2026 pugnandi
1458 1960 1523 2007 es·-

254 2042 315 2088 {et
336 2079 348 2101 ,
384 2042 619 2106 postquam
651 2057 699 2087 ea
731 2039 851 2087 nulla
889 2039 1164 2102 contigerat,
1194 2048 1429 2097 tutumque
1467 2032 1523 2078 ad

253 2115 492 2180 Syracusas
520 2117 570 2162 &
588 2113 871 2160 'munimento
901 2114 951 2159 &
982 2110 1151 2158 viribus
1172 2109 1342 2156 hostem
1369 2124 1523 2155 cerne-

250 2189 358 2244 bat,
380 2205 434 2234 ne
461 2186 616 2232 frustra
645 2185 870 2231 affidendo
891 2183 1215 2247 speElandoque
1244 2180 1526 2227 obsidionem

251 2259 483 2306 sociorum
511 2270 684 2319 tempus
709 2268 898 2314 tereret,
935 2254 1072 2301 castra
1106 2253 1210 2299 inde
1242 2251 1417 2298 movit:
1444 2265 1524 2309 ut,

252 2347 531 2394 quocunque
561 2328 761 2375 vocasset
791 2326 1051 2374 deseffionis
1084 2326 1137 2373 ab
1155 2324 1370 2370 Romanis
1403 2323 1523 2387 spes,

253 2404 519 2452 admoveret
546 2401 793 2450 exercitum
808 2435 824 2461 ,
859 2417 909 2449 ac
937 2399 1127 2463 praesens
1155 2397 1247 2445 suas
1273 2414 1340 2445 res
1363 2396 1522 2448 foven-
