1628 2890
282 140 834 191 HISTORIARUM
868 140 1001 187 LIB.
1040 140 1261 188 XXVII.
1327 153 1420 204 403

138 249 437 316 'diripiendam
472 251 630 298 urbem
657 247 912 297 discursum.
950 245 1089 294 millia
1121 244 1301 310 triginta
1332 243 1426 292 ser-

139 327 305 374 vilium
338 324 533 387 capitum
566 321 779 371 dicuntur
799 320 945 383 capti:
978 317 1149 383 argenti
1178 317 1249 366 vis
1267 318 1427 382 ingens

141 397 248 446 faffi
277 396 549 461 signatique:
582 394 679 443 auri
713 393 944 457 oiioginta
971 392 1056 440 tria
1082 392 1220 439 millia
1241 390 1429 454 pondoz

141 470 266 535 figna
290 468 543 534 tabulaeque
559 502 576 527 ‚
604 483 748 531 prope
769 477 819 513 ut
837 465 1159 530 Syracusarum
1189 479 1431 513 ornamew.

139 555 189 593 ‘ta
208 543 504 608 aequaverint.
535 541 624 589 Sed
643 540 815 603 maj0re
834 539 991 586 animo
1009 538 1181 603 generis
1200 536 1294 600 ejus
1313 550 1430 600 prae-

140 618 200 665 da
235 617 444 665 abstinuit
464 615 622 665 Fabius
638 648 652 672 ,
674 631 809 678 quam
830 613 1095 668 Marcellu53
1131 611 1211 675 qui
1230 611 1430 658 interro*

144 690 271 756 ganti
298 689 480 746 scribae,
501 688 611 754 quid
633 687 729 734 fieri
753 686 884 750 fignis
912 685 1050 732 vellet
1065 720 1078 743 ‚
1101 684 1322 749 (ingentis
1341 699 1429 730 ma·-

143 762 393 828 gnitudinis
419 762 504 810 Dii
525 761 648 819 sunt,
677 759 757 807 suo
786 758 970 824 quisque
994 758 1148 806 habitu
1168 757 1215 804 in
1244 756 1431 804 modum

144 835 441 899 pugnantium
459 830 675 897 formati)
709 834 829 878 Deos
852 835 980 878 iratos
997 833 1231 877 Tarentinis
1259 830 1437 890 relinqui,

145 905 284 972 juffit.
322 907 479 953 Murus
506 904 640 962 inde,
668 902 747 968 qui
777 903 933 949 urbem
960 901 1016 948 ab
1037 916 1137 948 arce
1167 899 1434 957 dirimebat,

146 980 323 1027 dirutus
342 977 403 1026 est
418 995 469 1026 ac
490 976 711 1040 disjestus.
745 976 874 1022 Dum
890 974 986 1021 haec
1005 972 1190 1025 Tarenti
1215 982 1433 1034 aguntur,

148 1051 377 1099 Hannibal
404 1049 482 1108 iis,
509 1048 590 1113 qui
611 1045 884 1094 Cauloniam
915 1044 1201 1102 obfidebant,
1235 1042 1282 1089 in
1314 1040 1436 1089 dedi-

148 1122 324 1172 tionem
342 1121 561 1184 acceptis,
582 1119 730 1166 audita
747 1115 1092 1181 oppugnatione
1111 1114 1321 1174 Tarenti,
1342 1115 1437 1161 dies

146 1194 391 1257 n06³oesque
427 1192 589 1241 curfim
617 1190 792 1255 agmine
821 1190 920 1237 aeto
938 1222 953 1247 ,
979 1204 1082 1236 cum
1098 1222 1111 1245 ,
1137 1187 1347 1241 festinans
1379 1186 1438 1234 ad

150 1285 288 1332 opem
307 1266 560 1324 ferendam,
581 1275 756 1327 captam
779 1263 934 1310 urbem
957 1260 1169 1318 audifl'et3
1204 1263 1262 1308 Ec
1278 1265 1437 1308 Roma-

152 1344 230 1396 ni,
254 1338 426 1403 inquit,
443 1340 573 1400 suum
591 1338 880 1383 Hannibalem
901 1337 1063 1382 habent.
1086 1337 1249 1392 eadem,
1278 1352 1443 1394 qua‘aeq

145 1432 364 1480 paramus,
394 1428 479 1459 arte
498 1414 722 1458 Tarentum
739 1409 967 1475 amisimus.
1003 1409 1074 1455 Ne
1094 1421 1238 1456 tamen
1260 1407 1439 1472 fugien-

152 1488 210 1536 tis
238 1487 380 1533 modo
402 1484 674 1533 convertiffe
695 1501 851 1549 agmen
873 1483 1102 1531 videretur
1117 1518 1131 1540 ‚
1155 1498 1247 1546 quo
1269 1481 1442 1530 consti-

154 1573 302 1609 tuerat
328 1560 462 1619 loco,
498 1559 699 1623 quinque
731 1557 870 1604 millia
898 1556 1037 1603 ferme
1068 1556 1122 1602 ab
1148 1556 1259 1602 urbe
1290 1553 1442 1618 posuit

155 1633 307 1682 castra.
339 1633 402 1681 ibi
428 1648 601 1697 paucos
629 1642 825 1678 moratus
854 1630 974 1688 dies,
1007 1631 1326 1691 Metapontum
1353 1625 1442 1673 sese

134 1706 343 1770 recepit.
374 1707 477 1752 inde
507 1706 624 1751 duos
645 1701 988 1766 Metapontinos
1022 1718 1124 1748 cum
1146 1699 1284 1748 literis
1315 1700 1444 1762 prin*

154 1780 310 1843 cipum
339 1777 434 1840 ejus
469 1776 667 1825 civitatis
695 1776 751 1822 ad
779 1775 963 1823 Fabium
989 1776 1238 1823 Tarentum
1269 1771 1410 1820 mittit
1425 1785 1446 1828 ‚'

156 1851 294 1901 fidem
329 1853 384 1898 ab
415 1849 599 1899 consule
634 1860 899 1912 accepturos
917 1884 931 1907 ‚
962 1846 1184 1909 impunita
1207 1846 1262 1892 iis
1289 1845 1444 1909 priora

157 1925 260 1974 sore
280 1961 293 1983 ‚
325 1926 357 1972 fi
378 1927 692 1988 Metapontum
717 1923 758 1971 ei
786 1939 892 1972 cum
911 1919 1117 1985 praesidio
1138 1918 1313 1967 Punico
1331 1933 1444 1981 pro-

159 1999 381 2048 didiffent.
409 1999 565 2046 Fabius
584 2034 599 2057 ,
625 2015 735 2045 vera
753 2034 768 2054 ‚
803 2013 903 2060 quae
924 1994 1133 2042 afferrent
1140 2028 1157 2051 ,
1184 1991 1270 2040 effe
1296 2004 1448 2050 ratus,

159 2072 280 2120 diem
297 2108 311 2129 ,
335 2089 421 2136 qua
441 2073 688 2120 accessurus
705 2069 809 2116 effet
827 2070 1168 2130 Metapontum,
1189 2063 1444 2113 constituit:

161 2143 400 2208 literasque
429 2145 483 2190 ad
515 2143 741 2206 principes
770 2140 914 2199 dedit,
941 2156 1042 2203 quae
1071 2138 1125 2185 ad
1146 2136 1444 2184 Hannibalem

162 2218 322 2266 delatae
357 2218 469 2264 sunt.
513 2218 760 2264 Enimvero
793 2215 920 2262 laetus
952 2213 1146 2261 successu
1179 2212 1373 2270 fraudis,
1412 2211 1445 2258 fi

163 2308 223 2339 ne
242 2291 400 2339 Fabius
419 2291 597 2355 quidem
622 2291 732 2337 dolo
761 2289 957 2336 inviEtus
984 2287 1158 2345 fuiffet,
1190 2287 1307 2334 haud
1334 2302 1445 2350 pro-

165 2363 241 2410 cul
255 2365 523 2427 Metaponto
538 2363 714 2410 infidias
728 2362 872 2425 ponit.
890 2359 1027 2409 Fabio
1044 2359 1287 2423 auspicanti
1304 2359 1447 2421 prius,

161 2451 297 2500 quam
316 2436 597 2500 egrederetur
616 2435 672 2488 ab
686 2437 912 2494 Tarento,
927 2451 1032 2485 aves
1056 2432 1189 2478 semel
1207 2444 1341 2496 atque
1359 2430 1449 2478 ite·-

1049 2505 1125 2551 Cc
1164 2519 1186 2567 3
