1628 2890
211 134 748 182 HISTORIARUM
794 136 921 182 LIB.
964 135 1198 182 XXVII.
1266 149 1354 199 425

84 240 172 302 jam
198 241 317 290 haud
339 241 476 288 ferme
504 241 658 288 fidenti
687 253 962 289 retenturum
989 240 1361 304 defensurumque

84 312 126 359 se
154 314 340 371 urbem,
372 314 515 376 prima
547 314 669 377 spes,
701 328 847 360 morte
889 314 1088 361 nuntiata
1126 312 1363 373 Marcelli,

85 385 255 431 affulfit.
298 388 621 434 Secutus-inde
660 387 869 445 nuntius,
908 385 1229 445 Hannibalem,
1262 386 1364 431 Nu-

84 458 303 504 midarum
331 460 529 522 equitatu
560 459 781 522 praemisso
797 495 812 517 ,
843 457 1011 521 ipsum,
1042 468 1259 521 quantum
1285 468 1366 504 ac-'

86 530 277 577 celerare
305 532 473 594 pollet,
496 548 596 579 cum
623 532 824 596 peditum
843 533 1018 596 agmine
1048 532 1184 597 sequi.
1214 535 1367 596 Itaque

86 602 163 649 ubi
199 604 395 666 primum
432 605 648 651 Numidas
682 605 806 652 edito
839 621 863 651 e
903 604 1091 667 speculis
1126 604 1252 668 signo
1286 603 1367 651 ad-

85 690 273 724 ventare
316 677 468 736 sensit,
499 679 549 724 δε
585 677 706 740 ipse,
738 676 956 738 patefa&a
990 687 1172 739 repente
1209 688 1366 738 porta,

86 748 216 796 ferox
244 751 290 796 in
310 749 456 796 hostes
480 749 686 812 erumpit.
720 751 776 794 Et
801 748 978 811 primo,
1001 750 1139 813 magis
1157 748 1262 812 quia
1280 749 1367 795 im-

87 821 276 884 proviso
307 823 353 868 id
382 821 574 880 fecerat,
606 837 740 884 quam
771 821 896 883 quod
927 838 1006 883 par
1028 820 1201 867 viribus
1230 819 1366 879 esset,

86 913 248 959 anceps
279 909 500 943 certamen
521 905 626 941 erat.
662 893 821 939 deinde
839 929 852 951 ,
881 906 930 939 ut
946 892 1241 955 supervenere
1262 894 1367 939 Nu·-

85 969 246 1027 midae,
275 980 418 1015 tantus
448 983 592 1031 pavor
609 965 829 1012 Romanis
859 965 920 1012 est
941 966 1154 1027 injeElus,
1187 981 1237 1011 ut
1266 966 1366 1028 pas-

86 1041 163 1086 sim
196 1041 250 1086 ad
284 1057 404 1087 mare
438 1057 491 1087 ac
525 1055 664 1085 naves
693 1037 924 1101 fugerent3
961 1037 1122 1086 reliffis
1153 1038 1367 1102 operibus

85 1113 422 1177 machinisque,
443 1112 605 1175 quibus
625 1127 779 1157 muros
805 1111 1077 1173 quatiebant.
1109 1113 1172 1158 Ita
1199 1112 1366 1160 adven·

85 1199 135 1234 tu
156 1187 417 1235 Hannibalis
438 1186 579 1233 soluta
592 1187 845 1241 Locrorum
868 1183 1044 1231 obfidio
1066 1183 1142 1243 est.

168 1261 344 1307 XXIX.
379 1258 641 1321 Crispinus,
679 1257 911 1321 postquam
942 1256 988 1302 in
1024 1256 1221 1303 Bruttios
1254 1272 1367 1320 pro-

87 1331 249 1378 festum
278 1331 576 1378 Hannibalem
599 1330 752 1389 sensit,
787 1329 1031 1377 exercitum
1050 1365 1063 1388 ‚
1096 1329 1168 1377 cui
1194 1330 1369 1393 collega

86 1407 356 1471 praefiierat,
378 1408 442 1453 M.
458 1405 724 1453 Marcellum
745 1405 974 1451 tribunum
1000 1404 1193 1451 militum
1214 1406 1368 1451 Venu-

88 1480 193 1526 fiam
223 1480 439 1526 abducere
469 1478 598 1541 juffit.
631 1478 720 1540 ipse
736 1515 750 1536 ‚
770 1495 871 1526 cum
895 1477 1150 1541 legionibus
1176 1476 1262 1524 suis
1275 1479 1368 1524 Ca-

88 1569 223 1615 puam
250 1551 506 1614 profeffiis,
537 1551 620 1598 vix
644 1551 810 1598 leviticae
835 1551 1123 1615 agitationem
1150 1567 1243 1612 prae
1269 1567 1367 1614 gra-

89 1623 230 1671 vitate
250 1623 489 1672 vulnerum
518 1624 719 1687 patiens,
746 1625 937 1671 Romam
959 1623 1103 1669 literas
1134 1623 1188 1669 de
1215 1634 1365 1670 morte

90 1697 278 1760 collegae
300 1695 466 1759 scripsit
482 1732 496 1754 ‚
519 1708 780 1760 quantoque
798 1695 888 1758 ipse
906 1695 952 1742 in
973 1694 1225 1742 discrimine
1247 1694 1366 1742 effet-

90 1775 144 1817 Se
167 1772 424 1817 comitiorum
457 1772 583 1832 causa
610 1790 695 1817 non
718 1769 834 1833 pofflz
861 1772 1045 1815 Romam
1074 1772 1237 1815 venire:
1268 1771 1368 1829 qaia

90 1862 162 1889 nec
180 1846 256 1890 viae
287 1846 463 1889 laborem
480 1842 673 1908 paffitrus
691 1846 912 1902 videretur,
943 1842 985 1890 δ’
1011 1845 1058 1889 de
1079 1845 1251 1889 Tarento
1268 1843 1370 1903 sol-

91 1918 234 1964 licitus
268 1913 383 1979 efflet,
418 1935 468 1962 zze
498 1936 550 1962 ex
585 1918 766 1963 Bruttiis
800 1918 1031 1963 Hannibal
1053 1935 1097 1962 eo
1131 1930 1369 1963 converteret

90 2008 252 2051 agmen.
288 1992 462 2051 Legatos
488 2008 590 2050 opus
617 1989 690 2053 ff
724 1993 784 2035 ad
800 1991 856 2052 fi*
886 1992 1024 2047 mitti,
1048 1992 1159 2036 viro-s
1182 1991 1369 2049 pruden-

91 2078 151 2107 tes
164 2080 185 2117 ;
221 2080 310 2107 cum
336 2065 483 2122 quibas
498 2096 511 2117 ,
543 2081 628 2123 quae
655 2067 798 2119 vellet,
826 2065 874 2108 de
895 2065 1099 2123 republica
1132 2067 1368 2123 loqueretur.

89 2134 172 2181 Hae
200 2133 340 2179 literae
365 2134 560 2181 recitatae
578 2151 787 2198 magnum
816 2136 866 2182 &
893 2129 1058 2181 luditum
1080 2145 1226 2181 morte
1254 2133 1367 2181 alte·-

91 2207 182 2254 rius
208 2207 402 2254 consulis
419 2243 431 2264 ‚
462 2208 697 2254 &metum
719 2207 772 2254 de
793 2207 934 2254 altero
961 2207 1180 2255 fecerunt.
1215 2209 1367 2270 Itaque

91 2282 142 2327 &
162 2281 221 2339 Q.
244 2281 426 2326 Fabium
448 2279 588 2326 filium
614 2280 670 2326 ad
699 2281 948 2328 exercitum
970 2281 1208 2328 Venusiam
1235 2279 1368 2327 mise-

91 2367 222 2401 runt:
255 2358 304 2403 &
321 2356 374 2402 ad
403 2354 629 2401 consulem
659 2367 746 2402 tres
773 2356 905 2420 legati
931 2356 1068 2415 misti,
1090 2358 1210 2403 Sext.
1228 2356 1366 2403 Julius

89 2428 266 2489 Caesar,
296 2430 345 2479 L.
366 2428 566 2479 Licinius
596 2428 780 2490 Pollio,
808 2431 858 2479 L.
877 2429 1062 2480 Cincius
1089 2429 1366 2487 Alimentus,
