1628 2890
265 157 815 207 HisTomARUM
861 159 988 205 Lm.
1032 159 1229 206 xxiv,
1300 174 1390 224 ως

105 266 489 330 conquilitionem
511 265 857 317 militum.fratre
877 266 1030 323 misso,
1049 265 1181 314 brevi
1199 267 1395 329 replevit

107 339 388 394 exercitum,
425 337 689 402 animosque
731 339 788 385 ad
829 339 1091 386 tentandum
1127 339 1180 385 de
1218 339 1395 403 integro

108 423 331 458 certamen
352 409 473 458 fecit.
496 410 586 457 Alii
606 410 808 473 plerique
825 410 1015 469 milites,
1038 411 1147 458 ficut
1167 428 1251 475 pro
1272 424 1398 475 parte

106 485 243 532 toties
266 484 381 531 intra
400 500 569 547 paucos
586 483 677 529 dies
700 483 842 540 vicia,
862 482 1013 530 iisdem
1032 484 1217 543 animis,
1236 484 1398 547 quibus

106 557 255 621 prius,
280 558 531 620 eodemque
551 567 721 603 eventu
750 573 1023 621 pugnavere.
1051 558 1150 621 plus
1169 559 1274 606 octo
1297 559 1400 605 mil-

105 633 166 678 lia
195 632 435 678 hominum
466 629 573 677 caesa
592 647 603 676 :
622 629 741 676 haud
767 630 914 677 multo
945 629 1093 677 minus
1120 648 1253 694 quam
1274 630 1398 677 mille

107 718 315 768 captum,
349 706 399 751 &
434 703 553 766 ligna
582 701 790 748 militaria
817 703 1143 767 quinquaginta
1178 705 1311 761 o&o;
1349 705 1400 751 &

106 777 248 841 spolia
269 775 459 840 plurima
478 773 656 822 Gallica
682 773 805 821 fuere
820 811 834 833 ‚
857 776 979 823 aurei
1004 789 1189 839 torques
1206 812 1218 835 ‚
1245 777 1400 823 armil-

107 850 276 913 laeque,
303 864 492 912 magnus
513 864 738 894 numerus.
767 848 860 895 duo
883 848 1016 896 etiam
1041 848 1232 912 insignes
1257 849 1399 913 reguli

109 922 350 970 Gallorum
370 921 679 986 (Moenicapto
699 923 748 968 &
765 922 1020 971 Civismaro
1042 922 1226 968 nomina
1243 921 1393 987 erant)

107 1012 165 1042 eo
200 994 371 1058 proelio
408 993 679 1041 ceciderunt,
718 996 824 1042 οέὶο
859 995 1084 1059 elephanti
1132 996 1277 1058 capti,
1308 1008 1398 1043 tres

105 1069 257 1117 occifi.
292 1069 409 1121 Cum
438 1067 527 1129 jam
558 1086 627 1116 res
661 1069 886 1133 prosperae
906 1070 952 1116 in
988 1069 1202 1133 Hispania
1229 1068 1396 1127 ess'ent,

106 1143 380 1192 verecundia
408 1143 644 1190 Romanos
674 1144 854 1191 tandem
877 1146 1021 1208 cepit,
1047 1146 1292 1208 Saguntum
1312 1161 1400 1206 op-

105 1218 261 1281 pidum
278 1253 292 1275 ,
320 1234 422 1280 quae
443 1216 570 1263 causa
597 1217 704 1264 belli
732 1218 862 1277 esset,
884 1220 1094 1266 oclavum
1120 1217 1208 1279 jam
1230 1234 1398 1264 annum

109 1291 189 1338 sub
221 1290 418 1338 hostium
450 1291 668 1354 potestate
700 1291 799 1340 effe.
828 1296 977 1357 Itaque
1006 1293 1050 1340 id
1080 1293 1298 1355 oppidum
1317 1328 1329 1349 ‚
1351 1291 1401 1340 vi

103 1364 233 1431 pulso
265 1364 474 1428 praefidio
510 1366 684 1415 Punico
702 1405 715 1427 ‚
744 1381 1034 1432 receperunt,
1059 1366 1400 1430 cultoribusque

101 1439 326 1502 antiquis,
348 1457 467 1504 quos
488 1441 559 1489 vis
581 1442 821 1507 reliquerat
841 1445 945 1492 belli
964 1482 978 1502 ,
995 1445 1285 1492 restituerunt
1305 1462 1315 1490 :
1347 1445 1399 1491 δεῖ

106 1513 423 1572 Turdetanos,
452 1513 529 1576 qui
568 1528 886 1565 contraxerant
919 1519 980 1565 eis
1018 1536 1120 1565 cum
1159 1517 1399 1581 Carthagi-

103 1585 330 1632 nienfibus
368 1586 563 1645 bellum,
590 1589 637 1635 in
669 1591 933 1653 potestatem
960 1593 1162 1639 redafstos
1197 1591 1276 1639 sub
1313 1608 1397 1639 co-

103 1675 217 1710 rona
234 1658 537 1706 vendiderunt
552 1697 565 1718 ,
587 1662 835 1727 urbemque
852 1681 1009 1711 eorum
1029 1665 1248 1711 delevere.

167 1735 323 1783 XL111.
355 1734 466 1780 H'aec
493 1734 541 1780 in
563 1735 801 1799 Hispania,
831 1740 891 1798 Q.
914 1738 1051 1786 Fabio
1072 1775 1086 1795 ‚
1114 1741 1175 1785 M.
1198 1738 1394 1785 Claudio

103 1807 390 1866 consulibus,
427 1808 559 1872 gesta.
589 1811 751 1858 Romae
775 1829 877 1859 cum
906 1813 1075 1860 tribuni
1103 1813 1247 1874 plebis
1280 1813 1394 1858 novi

102 1881 407 1946 magistratum
434 1882 611 1931 inissent
627 1922 640 1941 ‚
670 1886 899 1947 extemplo
934 1886 1217 1944 censoribus,
1238 1888 1285 1932 P.
1305 1888 1415 1931 Pus

103 1956 176 2003 rio
209 1957 341 2004 &M.
361 1955 535 2013 Atilio,
570 1975 593 2004 a
622 1961 670 2005 L.
691 1960 880 2007 Metello
912 1961 1098 2008 tribuno
1128 1961 1270 2025 plebis
1300 1960 1393 2004 dies

104 2029 220 2076 dieta
257 2029 313 2076 ad
352 2029 571 2091 populum
614 2031 689 2078 est.
732 2032 1002 2096 quaestorem
1039 2049 1137 2079 eum
1176 2030 1397 2093 proximo

103 2118 227 2149 anno
245 2137 260 2161 ,
288 2101 466 2148 ademto
491 2119 611 2165 equo
628 2140 642 2163 ‚
667 2105 788 2151 tribu
814 2116 1087 2162 moverant,
1119 2116 1253 2165 atque
1283 2120 1399 2149 aera-

103 2175 218 2220 rium
250 2173 450 2220 fecerant
468 2210 483 2233 ‚
519 2189 707 2238 propter
736 2175 1105 2237 conjurationem
1135 2171 1388 2221 deserenslae

102 2245 240 2292 Italiae
272 2245 327 2292 ad
362 2246 540 2294 Cannas
574 2246 746 2295 faciam.
788 2247 860 2293 sed
900 2265 1066 2295 novem
1098 2246 1390 2293 tribunorum

101 2319 277 2366 auxilio
308 2318 440 2365 vetiti
473 2319 647 2366 causam
679 2321 726 2366 in
749 2319 1004 2383 magistratu
1028 2319 1177 2376 dicere
1196 2354 1211 2377 ‚
1239 2317 1393 2364 dimis-

103 2392 228 2453 sique
260 2392 446 2440 fuerant.
486 2394 557 2440 Ne
587 2393 773 2440 lustrum
804 2392 1102 2458 perficerent,
1133 2409 1256 2440 mors
1282 2407 1393 2455 pro-2

107 2464 255 2512 hibuit
284 2465 332 2513 P,
356 2465 491 2515 Furii.
526 2468 591 2515 M.
609 2466 770 2516 Atilius
797 2466 1051 2531 magistratu
1080 2465 1122 2512 se
1155 2463 1398 2514 abdicavit,
