1628 2890
263 129 818 178 HISTORIARUM
859 133 987 178 LIB.
1028 136 1217 182 XXIV.
1299 154 1380 202 175

104 238 261 297 batur,
290 237 444 296 venit3
474 239 524 286 &
555 239 610 285 ad
640 240 974 300 Beneventum,
1005 242 1132 290 velut
1151 210 1226 290 ‘ex
1258 261 1387 292 com-

100 309 251 373 posito
269 345 281 366 ,
305 321 429 372 parte
458 311 595 358 altera
616 312 783 358 Hanno
803 329 859 361 ex
880 314 1063 361 Bruttiis
1092 332 1195 362 cum
1226 333 1387 382 magna

37 414 46 424 ,
100 382 301 445 peditum
327 382 621 445 equitumque
639 400 802 441 manu,
829 386 967 432 altera
987 387 1059 433 Ti.
1079 388 1311 436 Gracchus
1332 391 1387 437 ab

62 490 65 493 ,
100 451 283 506 Luceria
304 454 500 500 acceffit:
522 454 596 517 qui
616 454 765 516 primo
784 457 1003 519 oppidum
1019 457 1221 508 intravit.
1240 461 1388 525 Dein-

100 525 154 571 de
169 559 186 583 ‚
209 537 257 571 ut
277 527 549 573 Hannonem
577 527 661 573 tria
688 527 828 575 millia
853 528 993 576 ferme
1014 531 1068 577 ab
1088 533 1198 580 urbe
1220 535 1274 580 ad
1291 536 1386 582 Ca-

97 596 240 645 lorem
273 598 463 646 fluvium
499 599 636 646 castra
660 600 881 662 posuisse,
913 603 1089 651 &inde
1117 623 1268 670 agrum
1299 627 1389 672 po·

99 670 244 735 pulari
273 672 479 728 audivit;
517 674 565 719 δέ
599 671 720 735 ipse,
755 675 944 736 egressus
973 678 1226 740 moenibus,
1266 682 1389 730 mille

100 745 239 793 ferme
266 747 408 809 paffus
440 747 495 793 ab
519 745 649 792 hoste
680 744 998 806 castrilocat,
1019 750 1172 816 ibique
1194 756 1389 803 concio..

98 836 203 865 nem
223 820 417 866 militum
448 819 615 866 habuit.
649 819 872 882 Legiones
889 839 1051 886 magna
1078 841 1135 871 ex
1154 839 1279 888 parte
1300 845 1388 875 vo-

101 892 262 938 lonum
294 891 512 946 habebat;
549 890 626 954 qui
653 889 743 952 jam
777 892 966 941 alterum
987 889 1167 943 vannum
1203 898 1390 947 liberta-

99 975 191 1010 tem
211 964 343 1011 tacite
366 963 527 1011 mereri
548 999 563 1022 ‚
585 981 723 1027 quam
751 965 977 1027 postulare
1003 969 1150 1031 palam
1171 1006 1185 1028 ‚
1214 973 1388 1020 malue-

100 1049 215 1085 rant.
249 1037 450 1084 Senserat
479 1049 629 1085 tamen
647 1037 845 1086 hibernis
867 1042 1097 1103 egrediens
1120 1061 1323 1093 murmur
1339 1047 1389 1093 in

100 1110 275 1172 agmine
298 1111 381 1156 effe
404 1109 702 1173 quaerentium
717 1148 731 1169 ,
758 1132 804 1158 en
825 1133 1009 1175 unquam
1030 1118 1148 1164 liberi
1165 1123 1391 1169 militaturi

100 1181 256 1247 efflent?
288 1182 607 1245 scripseratque
642 1184 842 1242 senatui,
876 1202 973 1232 non
1006 1190 1240 1259 taquuid
1272 1192 1388 1240 defi-

100 1257 332 1311 derarent‚
353 1271 486 1318 quam
506 1254 616 1317 quid
635 1256 923 1303 meruissent:
954 1261 1063 1305 bona
1078 1260 1265 1323 fortique
1293 1273 1390 1326 ope-¹

99 1345 147 1372 ra
166 1344 301 1373 eorum
312 1328 362 1387 fi
386 1330 446 1372 ad
469 1346 557 1372 eam
584 1330 690 1373 diem
720 1330 839 1390 usum
859 1347 875 1375 .·
907 1349 1030 1391 neque
1063 1336 1124 1378 ad
1154 1341 1386 1396 exemplum

95 1400 200 1468 justi
231 1403 384 1446 milites
420 1404 659 1461 quidquam‘
678 1404 735 1448 eis
753 1437 766 1458 ‚
790 1419 938 1463 praeter
962 1407 1211 1460 libertatem,
1249 1409 1387 1472 deeffi.

101 1474 174 1521 De
195 1489 251 1519 eo
273 1473 528 1535 permissum
547 1474 627 1536 ipfi
650 1487 743 1521 erat
757 1511 771 1533 ‚
791 1475 984 1533 faceret,
1001 1478 1127 1540 quod
1144 1496 1167 1525 e
1184 1482 1388 1543 republi-

100 1564 151 1594 ca
173 1547 355 1594 duceret
374 1547 472 1594 effe.
503 1551 656 1612 Itaque
676 1550 799 1612 prius
814 1586 828 1609 ‚
848 1567 981 1614 quam
1010 1569 1114 1598 cum
1143 1553 1269 1601 hoste
1289 1574 1387 1603 ma-

97 1635 207 1665 num
245 1618 525 1677 consereret,
560 1621 848 1682 pronuntiat:
875 1639 1033 1684 tempus
1060 1623 1209 1690 veniffi
1241 1631 1299 1673 eis
1326 1632 1385 1674 li-

97 1694 264 1739 bertatis
284 1727 298 1750 ,
326 1711 450 1753 quam
485 1696 561 1739 diu
585 1693 840 1758 speraffent,
862 1699 1096 1756 potiundae.
1125 1700 1284 1765 postero
1320 1704 1387 1748 die

85 1767 230 1830 fignis
264 1770 429 1813 collatis
463 1770 761 1813 dimicaturum
789 1770 897 1828 [juro
933 1787 983 1814 ac
1011 1773 1176 1829 patenti
1210 1789 1387 1833 campo,

99 1839 272 1903 ubisine
291 1840 655 1903 uthrrinfidiarum
686 1857 792 1886 mem
824 1859 919 1886 vera
945 1844 1092 1887 virtute
1111 1846 1196 1904 geri
1211 1863 1272 1890 res
1283 1847 1385 1906 post

86 1912 168 1971 fit.
204 1913 298 1973 Qui
333 1928 456 1973 caput
489 1915 615 1979 hostis
648 1911 866 1978 retuliffit,
902 1933 992 1960 eum
1013 1917 1066 1975 fi
1097 1923 1301 1979 extemplo
1331 1923 1391 1964 li·

98 1987 232 2029 herum
253 1984 461 2048 juffitrum
483 1986 586 2050 effe:
612 1992 681 2049 qui
716 1993 804 2034 loco
835 1986 992 2052 cffffit
1011 2025 1027 2045 ,
1055 1993 1100 2035 in
1132 2010 1221 2037 eum
1234 1993 1386 2052 sirvili

88 2057 299 2117 Jicpplicio
328 2060 723 2119 animadversurum.
758 2064 891 2105 Suam
925 2064 1065 2122 cuique
1082 2062 1307 2120 fortunam
1337 2068 1385 2110 in

98 2150 228 2176 manu
255 2129 356 2194 ff:
390 2136 589 2179 libertatis
618 2133 816 2180 aufforem
850 2137 911 2181 eis
937 2155 1024 2181 non
1031 2138 1082 2197 fi
1100 2137 1196 2195 sore
1207 2140 1352 2198 solum
1367 2174 1386 2195 ,

93 2205 172 2262 fied
199 2206 406 2265 consulem
438 2210 507 2253 M.
542 2211 789 2254 Marcellum
808 2243 822 2263 ‚
846 2209 931 2269 fid
959 2213 1169 2272 universos
1201 2215 1348 2258 Patres
1363 2232 1385 2271 ,-

98 2295 229 2338 quos,
257 2281 467 2340 consultos
493 2282 547 2326 ab
566 2283 617 2343 se
642 2285 691 2327 de
715 2285 896 2328 libertate
924 2302 1088 2341 eorum,
1108 2286 1199 2349 fibi
1224 2290 1386 2346 permi-

85 2349 210 2414 Jiffe..
237 2351 400 2400 Literas
431 2352 536 2400 inde
568 2353 764 2401 consulis
791 2372 843 2402 ac
860 2355 1287 2405 senatusconsultum
1314 2376 1382 2405 re·

104 2422 277 2471 citavit.
317 2425 387 2472 Ad
421 2442 522 2490 quae
555 2428 730 2476 clamor
765 2446 868 2478 cum
908 2431 1081 2495 ingenti
1124 2431 1290 2489 assensu
1328 2433 1390 2479 est
