1628 2890
208 115 299 163 216
565 115 1131 165 T1T1L1V11

205 220 471 268 Consularia
491 220 674 268 comitia
700 221 849 268 habita
866 239 894 274 a
914 225 974 284 Q.
989 224 1128 279 Fabio
1150 226 1353 275 Maximo
1375 243 1486 276 eon-

206 293 311 342 sule.
357 293 493 340 creati
536 293 741 341 consules
777 295 911 342 ambo
950 297 1182 357 absentes,
1226 302 1286 360 Q.
1330 301 1486 350 Fabius

204 366 430 412 Maximus
462 366 658 414 consulis
684 367 826 427 filius,
857 371 907 417 &
928 370 999 418 Ti.
1025 372 1315 435 Sempronius
1340 378 1486 423 Grac-

205 441 321 487 chus
340 441 515 486 iterum.
546 442 764 491 Praetores
786 441 899 489 fiunt
923 445 985 490 M.
1006 443 1165 490 Atilius
1179 481 1190 502 ‚
1208 447 1283 502 &,
1297 447 1374 509 qui
1390 460 1486 495 tum

205 513 357 560 aediles
387 513 562 561 curules
583 527 735 572 erant,
757 516 803 562 P.
823 516 1114 577 Sempronius
1137 517 1388 566 Tuditanus
1402 555 1416 577 ,
1437 521 1488 568 &

206 586 293 632 Cn.
313 586 498 632 Fulvius
529 588 850 647 Centumalus,
881 592 929 637 &
957 591 1021 636 M.
1043 589 1247 638 AEmilius
1278 593 1486 654 Lepidus.

204 661 360 706 Ludos
396 660 596 707 scenicos
629 678 708 722 per
739 661 1029 723 quatriduum
1058 679 1114 709 eo
1142 681 1264 711 anno
1292 665 1486 728 primum

204 731 346 779 faSmS
381 733 436 779 ab
469 733 696 781 curulibus
733 734 964 793 aedilibus,
1000 737 1232 782 memoriae
1264 738 1488 800 proditur.

204 805 361 853 AEdilis
387 807 641 854 Tuditanus
670 808 741 855 hic
762 821 854 855 erat
872 845 887 865 ,
920 809 997 872 qui
1019 809 1073 855 ad
1101 810 1307 867 Cannas,
1337 827 1486 873 pavo-

205 897 253 926 re
276 880 371 927 aliis
398 881 445 926 in
471 894 594 928 tanta
625 885 748 930 clade
768 884 1078 945 torpentibus,
1114 902 1192 946 per
1213 885 1384 932 medios
1402 886 1489 932 ho-

207 953 290 1002 stes
326 956 478 1003 evafit.
511 956 723 1003 Comitiis
762 957 995 1020 perfeffis,
1035 959 1216 1006 auitore
1255 961 1315 1019 Q.
1349 960 1487 1008 Fabio

206 1026 418 1082 consule,
447 1028 656 1092 designati
679 1031 886 1078 consules
915 1034 1104 1079 Romam
1134 1033 1320 1080 arceffiti
1350 1034 1491 1097 magi-

207 1099 387 1147 stratum
418 1101 644 1149 inierunt:
674 1102 962 1168 senatumque
990 1106 1043 1151 de
1070 1106 1192 1152 bello
1221 1124 1271 1153 ac
1292 1109 1488 1170 provin-

208 1173 289 1219 ciis
320 1174 406 1221 suis
427 1189 762 1240 praetorumque
780 1214 793 1236 ,
823 1180 873 1225 &
905 1179 959 1225 de
988 1178 1294 1238 exercitibus,
1325 1181 1489 1245 quibus

205 1247 375 1311 quicque
397 1246 652 1310 praeessent,
683 1251 1016 1299 consuluerunt.

272 1321 436 1367 XLIV.
474 1325 624 1385 ltaque
654 1326 908 1385 provinciae
939 1338 1077 1389 atque
1108 1326 1328 1374 exercitus
1369 1326 1488 1375 divi-

207 1391 254 1437 si.
285 1392 459 1439 Bellum
492 1412 594 1440 cum
624 1397 872 1443 Hannibale
906 1397 1165 1445 consulibus
1197 1398 1454 1446 mandatum
1475 1435 1489 1458 ‚
1548 1432 1551 1435 -

207 1467 258 1512 &
295 1468 577 1515 exercituum
612 1486 728 1516 unus
748 1506 761 1528 ,
798 1487 931 1533 quem
965 1470 1054 1533 ipse
1085 1470 1375 1532 Sempronius
1408 1471 1489 1517 ha·-

205 1538 393 1596 huerat3
423 1540 560 1600 alter,
584 1560 716 1606 quem
744 1543 901 1590 Fabius
929 1543 1099 1591 consul.
1131 1561 1194 1590 eae
1222 1544 1337 1590 binae
1363 1556 1489 1590 erant

205 1612 421 1676 legiones.
455 1618 517 1663 M.
536 1616 742 1663 AEmilius
771 1630 966 1680 praetor,
992 1614 1116 1678 cujus
1136 1616 1368 1679 peregrina
1394 1615 1489 1662 sors

205 1697 329 1743 erat,
363 1685 666 1747 jurisdiffione
704 1691 766 1736 M.
796 1689 937 1735 Atilio
975 1688 1161 1752 collegae
1195 1687 1379 1750 praetori
1411 1706 1490 1735 ur-

206 1755 328 1802 bano
362 1759 565 1806 mandata
584 1796 596 1819 ,
627 1761 859 1808 Luceriam
881 1760 1165 1824 provinciam
1186 1761 1392 1819 haberet,
1419 1760 1486 1807 le-

205 1830 454 1894 gionesque
475 1834 612 1892 duas,
646 1836 808 1898 quibus
837 1837 901 1896 Q.
923 1835 1108 1893 Fabius,
1145 1834 1224 1898 qui
1242 1845 1340 1881 tum
1369 1852 1492 1882 con-

206 1902 270 1949 sul
299 1917 418 1964 erat,
454 1919 623 1968 praetor
652 1907 903 1971 praefuerat.
937 1910 982 1954 P.
1000 1907 1270 1970 Sempronio
1291 1908 1487 1970 provin-

206 1976 276 2022 cia
294 1978 549 2026 Ariminum
564 2015 577 2033 ‚
598 1981 685 2029 Cn.
703 1981 866 2029 Fulvio
886 1981 1103 2039 Suessula,
1129 1997 1230 2028 cum
1248 1980 1364 2027 binis
1381 1980 1487 2028 item

205 2049 458 2112 legionibus
476 2089 490 2111 ,
526 2065 803 2101 evenerunt:
832 2064 885 2101 ut
911 2053 1095 2102 Fulvius
1124 2053 1315 2100 urbanas
1343 2053 1488 2116 legio-

206 2138 284 2169 nes
313 2123 525 2184 duceret,
555 2125 807 2173 Tuditanus
842 2143 867 2173 a
887 2126 1043 2172 Manio
1072 2126 1333 2188 Pomponio
1364 2126 1487 2172 acci-

205 2207 344 2255 peret.
380 2198 627 2264 Prorogata
649 2200 836 2263 imperia
861 2200 1237 2265 provinciaeque,
1261 2201 1326 2245 M.
1346 2199 1486 2246 Clau-

206 2265 283 2311 dio
302 2266 453 2314 Sicilia
470 2268 632 2317 finibus
650 2271 735 2330 eis,
762 2272 925 2336 quibus
947 2288 1135 2334 regnum
1150 2270 1363 2317 Hieronis
1380 2270 1487 2318 fuis-

204 2337 291 2384 set:
322 2341 515 2389 Lentulo
538 2345 809 2406 propraetori
834 2345 1076 2407 provincia
1107 2356 1262 2393 vetus:
1295 2344 1351 2392 T.
1373 2345 1488 2391 Ota·

208 2409 316 2456 cilio
345 2412 497 2462 claffis.
529 2416 753 2465 exercitus
786 2417 898 2465 nulli
924 2416 1063 2464 additi
1090 2417 1222 2467 novi,
1259 2418 1323 2464 M.
1349 2417 1484 2465 Vale-
