1628 2890
234 171 830 220 uxsToRtARUM
867 163 1219 217 Ltsssxxtu.
1292 187 1378 230 107

106 291 240 342 pente
268 292 396 340 porta
410 313 423 333 ‚
445 275 678 323 Marcellus
699 276 816 340 signa
838 293 996 324 canere
1014 312 1028 335 ‚
1047 276 1381 340 clamoremque

106 351 236 409 tolli,
267 367 317 397 ac
343 350 510 413 pedites
540 351 729 412 primum
751 386 765 405 ,
792 349 950 396 deinde
979 349 1181 413 equites,
1209 359 1385 411 quanto

47 423 50 425 Δ
106 425 308 472 maximo
340 424 515 487 possent
546 425 745 487 impetu,
775 422 822 468 in
851 422 1019 468 hostem
1052 437 1282 485 erumpere
1310 419 1387 482 iil-⁴

107 497 196 545 bet,
224 495 337 542 Satis
355 496 540 542 terroris
560 489 864 557 tumultusque
882 493 927 539 in
948 495 1087 541 aciem
1108 494 1299 541 mediam
1315 493 1384 538 in-

107 570 298 616 tulerant
312 605 323 623 ‚
344 586 446 615 cum
470 567 636 613 duabus
667 566 785 612 circa
806 565 947 627 portis
968 567 1014 612 Ρ.
1034 566 1232 613 Valerius
1255 565 1383 611 Flac-

107 660 186 691 cus
217 645 265 690 &
297 643 349 689 C.
383 641 588 688 Aurelius
620 638 752 703 legati
785 639 830 683 in
861 656 1031 686 cornua
1060 640 1255 686 hostium
1283 656 1386 685 eru-

105 732 227 778 pere.‘
256 715 476 761 Addidere
507 714 752 760 clamorem
777 711 879 757 lixae
898 712 1167 776 calonesque
1185 749 1200 769 ,
1229 714 1278 759 ὅ(
1302 712 1388 758 alia

105 789 239 834 turba
260 788 473 835 custodiae
495 786 922 848 impedimentorum
941 785 1164 846 apposita,
1185 797 1254 841 ut,
1279 803 1387 848 pau-

108 861 296 916 citatem*
321 861 513 907 maxime
543 857 851 923 spernentibus
873 856 1052 916 Poenis,
1088 858 1281 920 inge-ntis
1313 875 1387 904 re·-

106 947 240 997 pente
260 935 482 985 exercitus
502 934 691 997 speciem
723 931 923 981 fecerint.
964 931 1056 976 Vix
1075 931 1280 993 equidem
1306 948 1386 977 au·-

106 1009 185 1055 fim
221 1009 473 1066 affirmare,
508 1008 633 1072 quod
671 1006 854 1070 quidam
886 1005 1086 1051 auctores
1124 1004 1223 1050 sunt
1245 1040 1258 1062 ‚
1292 1005 1388 1050 duo

106 1080 245 1127 millia
263 1083 312 1128 &
329 1081 610 1144 offingenms
629 1078 824 1125 hostium
844 1075 1004 1131 caesos3
1022 1092 1116 1122 non
1135 1075 1233 1138 plus
1253 1075 1389 1138 quin-

106 1165 266 1218 gentos
284 1155 540 1201 Romanum
572 1151 768 1199 amisifi'e.
802 1150 907 1196 Sive
933 1160 1054 1195 tanta
1072 1185 1085 1207 ‚
1119 1149 1210 1195 five
1236 1148 1389 1194 minor

108 1225 299 1279 vi6loria
330 1224 450 1282 fuit,
488 1225 645 1287 ingens
680 1238 736 1268 eo
776 1221 845 1267 die
882 1236 984 1276 res,
1021 1236 1073 1266 ac
1109 1219 1261 1266 nescio
1282 1255 1296 1277 ,
1331 1236 1389 1265 an

108 1298 301 1346 maxima
337 1297 417 1344 illo
454 1295 575 1342 bello
611 1294 729 1359 gesta
767 1293 832 1340 fit.
882 1309 977 1338 nou
1010 1292 1136 1340 vinci
1175 1292 1294 1338 enim
1331 1292 1388 1338 ab

105 1371 358 1418 Hannibale
379 1368 667 1418 vincentibus
687 1366 912 1414 difficilius
930 1365 1016 1412 fuit
1034 1402 1049 1424 ,
1075 1382 1204 1430 quam
1233 1365 1388 1429 postea

110 1445 311 1494 Vincere.

184 1514 587 1563 XVtIsHannibal
605 1551 617 1571 ‚
646 1515 719 1577 spe
753 1512 988 1577 potiundae
1018 1508 1150 1556 Nolae
1179 1508 1352 1555 ademta
1372 1543 1390 1565 ‚

109 1609 213 1638 cum
233 1593 420 1637 Acerras
445 1588 698 1644 recefl‘iffet3
724 1586 960 1633 Marcellus
981 1583 1235 1646 extemplo,
1265 1582 1390 1629 clau-

107 1664 334 1727 sis‘portis
361 1662 707 1725 custodibusque
733 1660 976 1724 dispositis,
1006 1675 1062 1704 ne
1084 1658 1181 1720 quis
1208 1657 1391 1721 egrede-

41 1766 43 1769 ν
109 1750 231 1786 retur
247 1773 261 1795 ‚
283 1736 576 1801 quaestionem
601 1736 647 1782 in
666 1734 771 1781 foro
801 1735 854 1780 de
884 1733 936 1780 iis
953 1768 964 1790 ,
986 1731 1065 1795 qui
1086 1730 1198 1776 clam
1227 1729 1272 1775 in
1294 1728 1390 1775 col-

110 1812 276 1876 loquiis
300 1811 493 1858 hostium
519 1809 694 1855 fuerant
712 1844 726 1866 ‚
746 1806 926 1854 habuit:
956 1804 1085 1868 supra
1118 1802 1392 1865 septuaginta

111 1887 344 1933 damnatos
369 1884 641 1948 proditionis
662 1881 802 1929 securi
818 1880 1047 1943 percuffit,
1077 1878 1288 1940 bonaque
1306 1892 1391 1922 eo-

113 1977 210 2006 rum
243 1959 358 2021 juffit
387 1958 565 2020 publica
598 1957 758 2020 populi
788 1953 984 2002 Romani
1014 1952 1124 1999 effe:
1159 1953 1239 2009 δέ,
1270 1949 1418 1996 [ψῃ-Ἀ

113 2051 184 2080 ma
205 2050 352 2080 rerum
375 2033 542 2079 senatui
561 2032 745 2090 tradita,
774 2048 874 2078 cum
905 2029 1103 2075 exercitu
1129 2026 1255 2073 omni
1280 2041 1391 2087 pro-

113 2103 252 2151 fefi'ms
267 2140 280 2163 ‚
299 2104 423 2167 supra
443 2102 682 2150 Suessulam
706 2102 853 2149 castris
875 2100 1028 2164 positis
1049 2098 1261 2147 consedit.
1286 2099 1391 2143 Poe-

113 2194 225 2236 nus,
258 2179 441 2224 Acerras
470 2177 662 2240 primum
697 2176 751 2223 ad
779 2174 1079 2222 voluntariam
1112 2171 1391 2219 deditionem

115 2264 302 2298 conatus
335 2251 548 2313 perlicere
567 2286 581 2308 ,
611 2249 844 2313 postquam
869 2248 1118 2294 obstinatos
1136 2265 1184 2293 vi
1172 2247 1280 2304 dit,
1300 2246 1390 2292 ob-

115 2323 252 2370 sidere
279 2324 383 2369 inde
410 2336 547 2386 atque
571 2339 832 2403 oppugnare
856 2333 994 2385 parat.
1031 2333 1227 2368 ceterum
1247 2322 1390 2366 Acer-

114 2393 234 2440 ranis
262 2394 362 2457 plus
391 2394 560 2451 animi,
590 2411 723 2457 quam
746 2394 937 2452 virium,
965 2406 1070 2439 erat.
1103 2392 1136 2438 it
1124 2410 1215 2455 aq
1203 2408 1282 2449 ie,
1309 2381 1388 2436 de-

117 2466 288 2531 sperata
315 2467 452 2516 tutela
482 2468 626 2529 urbis,
653 2480 702 2515 ut
722 2467 1051 2517 circumvallari
1070 2484 1194 2514 moez
1201 2468 1240 2513 ia
1261 2466 1391 2515 vide-
