1628 2890
213 120 795 168 HISTORIARUM
830 121 963 167 LIB.
997 120 1192 169 XXVI.
1271 135 1367 185 3355

87 226 234 274 amiffa
253 243 461 285 cernens,
479 228 773 288 Romanaque
795 226 971 289 insuper
996 244 1115 274 arma
1139 226 1343 291 ingruere
1353 238 1372 285 ‚¹

87 300 152 346 ira
182 301 319 363 magis
339 299 513 345 instruit
533 335 546 355 ,
574 315 702 361 quam
725 298 918 344 consilio
936 335 950 356 ‚
971 299 1153 347 bellum.
1188 299 1369 360 Conju-

89 371 220 434 gibus
249 370 484 433 liberisque
513 373 562 418 a&
590 369 840 416 senioribus
874 369 1002 432 supra
1032 369 1258 434 sexaginta
1279 386 1369 417 an-

89 460 176 490 nos
206 443 252 490 in
284 443 581 506 propinquam
609 439 793 502 Epirum
825 440 959 488 miffis
978 476 993 499 ‚
1029 442 1084 488 ab
1111 441 1369 504 quindecim

91 517 148 565 ad
163 514 386 579 sexaginta
405 532 548 562 annos
567 511 807 575 conjurant
822 549 838 570 ‚
859 514 940 559 nisi
958 514 1152 565 victores
1168 549 1182 572 ,
1209 513 1249 560 se
1271 531 1368 561 non

90 590 327 637 redituros.
357 589 452 649 Qui
486 589 628 636 victus
651 587 743 634 acie
774 587 1041 644 exceffiffct‚
1062 604 1160 632 eum
1186 604 1241 634 ne
1268 589 1369 651 quis

89 663 232 720 urbe,
266 663 414 718 tecto,
452 659 599 707 mensa
620 696 633 715 ,
668 659 757 705 lare
792 658 1042 720 reciperet,
1071 658 1212 705 diram
1245 659 1372 706 exse-

93 737 342 784 crationem
369 736 416 781 in
436 734 702 797 populares,
728 731 1071 778 obtestationem
1103 749 1235 795 quam
1273 732 1368 779 san-

91 810 320 856 &iffimam
359 819 606 871 potuerunt
648 804 856 853 adversus
894 805 1123 867 hospites,
1171 822 1367 869 compo-

92 881 289 929 suerunt.
331 882 589 945 precatique
618 879 744 925 fimul
781 877 986 940 Epirotas
1022 879 1145 935 sunt,
1175 891 1252 936 ut,
1289 880 1370 943 qui

91 955 278 1002 suorum
308 955 354 1000 in
385 953 478 1000 acie
513 951 765 999 cecidissent
785 986 799 1007 ,
832 966 910 997 eos
939 967 1034 996 uno
1053 949 1230 996 tumulo
1253 967 1371 997 con-

91 1039 293 1091 tegerent
308 1063 321 1084 ,
341 1025 685 1086 adhiberentque
705 1022 894 1068 humatis
913 1021 1092 1068 titulum
1112 1039 1122 1069 :
1155 1036 1246 1068 HIC
1271 1036 1371 1070 SIT!

92 1115 226 1148 SUNT
258 1102 594 1154 AcARNANEs‚
627 1110 750 1153 Qm,
781 1107 1041 1162 {QDVERSUS
1071 1108 1173 1140 vtM
1199 1108 1374 1150 ATQUE

92 1187 352 1222 JNJURIAM
373 1173 682 1218 AETOLORUM
712 1182 809 1215 PRO
835 1181 1023 1214 PATRIA
1047 1180 1378 1227 PUGNANTES,

91 1259 320 1296 MORTEM
339 1256 739 1292 occuBUERUNT.
761 1243 843 1288 Per
861 1241 958 1288 haec
977 1241 1170 1288 incitatis
1191 1241 1375 1301 animss,

92 1321 229 1368 castra
262 1321 306 1366 in
328 1318 549 1379 extremis
578 1315 740 1362 finibus
774 1314 862 1361 suis
891 1314 1031 1362 obvia
1064 1314 1181 1360 hosti
1209 1314 1376 1377 posue-

93 1409 212 1442 runt.
257 1394 424 1440 nuntiis
459 1391 514 1439 ad
542 1389 796 1452 Philippum
827 1387 958 1434 miffis
980 1423 992 1444 ,
1023 1400 1197 1451 quanto
1227 1404 1295 1434 res
1327 1389 1376 1434 in

93 1468 349 1516 discrimine
381 1465 513 1521 esset,
547 1462 753 1509 omittere
781 1459 1063 1522 Philippum,
1097 1458 1143 1505 id
1170 1459 1298 1522 quod
1327 1458 1374 1506 in

94 1541 299 1589 manibus
330 1551 448 1596 erat,
483 1546 726 1599 coegerunt
759 1533 951 1590 bellum,
980 1532 1265 1594 Jamphorina
1297 1548 1378 1594 per

94 1613 371 1660 deditionem
401 1622 605 1672 recepta,
640 1610 689 1655 &
715 1605 935 1669 prospero
967 1604 1057 1650 alio
1086 1602 1277 1651 succeffu
1307 1620 1379 1650 re·

95 1702 208 1731 rurn.
244 1683 501 1730 AEtolorum
529 1680 743 1742 impetum
769 1677 1020 1724 tardaverat
1039 1674 1188 1737 primo
1213 1673 1378 1737 conju-

96 1758 286 1806 rationis
311 1757 427 1803 faina
446 1753 760 1802 Acarnanicae:
795 1750 954 1797 deinde
985 1749 1162 1796 auditus
1181 1749 1379 1812 Philippi

95 1832 342 1895 adventus,
363 1828 534 1893 regredi
551 1826 682 1873 etiam
705 1825 749 1871 in
768 1824 951 1871 intimos
969 1823 1117 1887 coegit
1134 1821 1258 1870 fines.
1280 1825 1318 1868 N
1327 1839 1378 1870 ee

96 1903 325 1965 Philippus
345 1937 359 1959 ‚
383 1916 639 1964 quanquam
655 1933 668 1955 ‚
699 1913 753 1942 ne
786 1894 1148 1958 opprimerentur
1176 1895 1379 1939 Acarna-

96 1991 173 2021 nes
191 2011 205 2030 ,
235 1974 469 2020 itineribus
499 1971 664 2034 magnis
695 1970 832 2027 ierat,
862 1967 978 2015 uitra
1005 1966 1148 2013 Dium
1175 1965 1237 2012 est
1266 1981 1378 2027 pro-

98 2046 277 2109 greffus.
310 2045 436 2101 inde,
470 2060 572 2091 cum
607 2041 788 2088 audiffet
813 2039 1005 2085 reditum
1035 2038 1291 2085 AEtolorum
1322 2053 1380 2083 ex

100 2119 378 2176 Acarnania,
409 2120 457 2166 ὃ(
480 2117 569 2179 ipse
592 2115 754 2162 Pellam
785 2113 929 2159 rediit.

163 2192 334 2238 XXVI.
357 2189 561 2237 Laevinus
578 2224 589 2246 ‚
608 2187 729 2235 veris
745 2183 969 2249 principio
996 2201 1020 2231 a
1036 2185 1246 2246 Corcyra
1267 2197 1377 2245 pro-

99 2265 236 2312 fectus
253 2265 444 2312 navibus
457 2300 471 2320 ‚
485 2263 688 2327 superato
704 2264 893 2308 Leucata
911 2257 1255 2322 promontori0‚
1274 2273 1378 2316 cum

101 2338 290 2385 veniffct
311 2338 612 2399 Naupactum,
642 2334 907 2398 Anticyram
926 2333 1042 2398 *inde
1067 2331 1107 2378 se
1134 2329 1378 2393 petiturum

64 2472 65 2475 Ἴ
101 2410 271 2469 edixit,
298 2422 346 2456 ut
376 2409 535 2471 praesto
566 2408 821 2470 ibiScopas
841 2406 1070 2470 AEtoiique
1103 2404 1253 2452 essent.
1287 2404 1377 2448 &ita
