1628 2890
200 133 288 192 184
559 130 1127 178 T1T1L1V11

194 238 414 302 oppidum
450 252 530 299 per
564 250 645 282 eos
679 234 770 281 dies
811 233 860 280 vi
899 247 1106 299 captum:
1142 234 1388 300 stativaque
1423 236 1481 283 ad

194 311 426 357 Ardoneas
457 306 748 354 communita,
782 307 909 353 Dum
939 307 1033 367 haec
1056 309 1154 355 aliis
1179 308 1292 356 locis
1311 308 1366 354 ab
1385 310 1482 354 Ro-

196 381 338 431 manis
368 392 603 443 geruntur,
626 379 712 441 jam
737 381 982 426 Tarentum
1011 392 1279 442 pervenerat
1308 379 1481 426 Hanni-

198 455 269 503 bal
283 491 297 510 ‚
313 470 415 500 cum
435 453 630 500 maxima
651 453 880 512 omnium,
907 471 1174 518 quacunque
1191 455 1324 513 ierat,
1342 453 1484 502 clade„

198 531 247 573 In
274 526 526 573 Tarentino
546 527 725 574 demum
747 544 855 591 agro
875 539 1081 591 pacatum
1100 527 1303 575 incedere
1323 542 1483 590 agmen

198 600 356 662 coepit.
394 600 505 646 nihil
536 599 599 646 ibi
631 599 881 659 violatum,
914 616 1059 663 neque
1084 599 1265 663 usquam
1293 599 1371 648 via
1404 615 1484 644 ex-

200 672 364 720 cessum
390 673 451 718 est
472 691 481 719 ε
501 672 825 735 apparebatque
841 709 854 730 ‚
880 690 973 720 non
992 672 1037 718 id
1057 671 1270 718 modestia
1287 671 1487 718 militum

200 757 277 793 aut
296 744 448 802 ducis‚
465 745 544 791 nisi
576 745 632 791 ad
663 744 977 792 conciliandos
1003 744 1355 791 Tarentinorum
1384 743 1485 790 ani-

201 834 302 864 mos
318 853 331 875 ,
350 816 460 863 fieri.
482 819 696 863 Ceterum
726 834 826 863 cum
856 816 1144 879 propemodo
1169 816 1306 863 muris
1336 814 1487 864 acces-

202 889 316 935 fiffet
330 925 344 948 ,
363 888 495 936 nullo
515 889 570 935 ad
590 887 878 949 conspectum
902 887 1032 951 primi
1053 887 1264 952 agminis,
1291 899 1341 934 ut
1357 887 1487 935 reba-

204 976 305 1022 tur,
331 978 461 1009 motu
492 962 608 1009 facto
625 998 639 1021 ‚
665 962 801 1010 castra
821 962 874 1009 ab
894 962 1002 1008 urbe
1024 962 1161 1009 ferme
1194 960 1340 1025 paffus
1366 960 1488 1007 mille

200 1038 340 1083 locat.
358 1036 569 1093 Tarenti,
587 1035 739 1081 triduo
758 1048 860 1081 ante
874 1067 889 1091 ,
907 1052 1040 1099 quam
1060 1034 1281 1082 Hannibal
1299 1034 1356 1080 ad
1371 1050 1491 1081 moe·

208 1109 281 1157 nia
307 1108 540 1157 accederet
553 1144 570 1165 2
589 1125 614 1154 a
643 1109 706 1154 M.
725 1107 908 1154 Valerio
942 1120 1220 1170 propraetore
1235 1143 1249 1167 ‚
1269 1107 1348 1171 qui
1375 1105 1493 1153 claffi.

206 1182 262 1228 ad
281 1181 561 1227 Brundisium
588 1193 801 1242 praeerat,
835 1181 984 1228 missus
1005 1183 1067 1227 M.
1087 1180 1270 1239 Livius,
1288 1180 1492 1243 primore

205 1256 442 1317 juventute
474 1252 753 1316 conscripta,
774 1252 1082 1316 dispositisque
1112 1253 1168 1299 ad
1196 1268 1354 1300 omnes
1383 1267 1491 1314 por-

209 1339 304 1384 tas,
321 1324 528 1389 circaque
558 1341 737 1382 muros,
764 1341 851 1387 qua
886 1341 954 1371 res
982 1323 1259 1387 postulabat,
1288 1321 1492 1370 stationi-

209 1402 293 1447 bus
308 1436 322 1459 ,
343 1400 413 1447 die
436 1417 487 1447 ac
506 1400 637 1446 nocte
663 1398 906 1461 plurimum
934 1398 1130 1446 intentus
1147 1434 1162 1458 ‚
1186 1414 1332 1462 neque
1351 1396 1496 1443 hosti-
1546 1433 1551 1436 .

210 1476 295 1522 bus
311 1510 322 1532 ,
343 1490 489 1538 neque
515 1472 661 1521 dubiis
683 1471 814 1519 sociis
842 1471 934 1518 loci
961 1470 1207 1535 quidquam
1228 1468 1420 1534 praebuit
1440 1467 1500 1515 ad

210 1548 485 1596 tentandum.
519 1548 673 1607 Quare
694 1546 848 1593 diebus
869 1544 1042 1608 aliquot
1061 1543 1215 1591 frustra
1235 1543 1299 1590 ibi
1320 1542 1498 1590 absum-

211 1621 298 1678 tis,
335 1619 559 1668 Hannibal
571 1656 590 1679 2
623 1637 726 1667 cum
763 1636 923 1666 eorum
957 1634 1120 1676 nemo,
1152 1615 1229 1680 qui
1261 1615 1315 1663 ad
1348 1614 1497 1662 lacum

213 1693 391 1742 Averni
415 1693 622 1753 adissent,
639 1704 715 1740 aut
735 1692 814 1755 ipsi
836 1691 1063 1749 venirent,
1082 1701 1154 1737 aut
1171 1688 1381 1737 nuntium
1399 1688 1500 1734 lite-

213 1767 341 1815 rasve
374 1767 603 1814 mitterent
620 1804 633 1826 ‚
662 1784 778 1815 vana
810 1766 1018 1830 promissa
1044 1764 1084 1811 se
1112 1776 1278 1811 temere
1299 1761 1499 1809 secutum

215 1858 434 1899 cernens,
457 1841 596 1888 castra
624 1841 729 1888 inde
757 1839 918 1887 movit,
951 1839 1069 1885 Tum
1100 1851 1310 1900 quoque,
1327 1835 1498 1882 intacto

215 1931 323 1978 agro
345 1914 598 1961 Tarentino
614 1949 627 1972 ,
657 1912 945 1977 (quanquam
967 1909 1163 1957 simulata
1184 1909 1338 1955 lenitas
1366 1905 1500 1954 nihil-

219 1987 325 2031 dum
352 1985 606 2048 profuerat,
626 1995 774 2030 tamen
801 1982 873 2045 spe
907 1979 1218 2027 labefactandae
1247 1977 1351 2025 fidei
1382 1977 1501 2023 haud

218 2058 460 2123 absistens)
492 2058 708 2122 Salapiam
737 2068 786 2103 ut
822 2056 950 2104 venit
967 2090 980 2114 ‚
1000 2054 1272 2102 frumentum
1300 2068 1355 2098 ex
1383 2051 1499 2114 agris

219 2133 540 2195 Metapontino
577 2144 709 2196 atque
743 2128 1015 2178 Heraclienfi
1048 2127 1171 2191 (jam
1206 2125 1351 2173 media
1381 2123 1501 2170 aestas

217 2208 369 2254 exacta
388 2220 502 2265 erat,
525 2208 575 2254 &
595 2204 793 2252 hibernis
815 2203 1018 2266 placebat
1037 2201 1203 2265 locus)
1224 2208 1500 2261 comportat.

217 2277 471 2323 Praedatum
488 2277 602 2333 inde
633 2275 837 2322 Numidae
856 2274 1093 2336 Maurique
1114 2289 1192 2335 per
1208 2269 1499 2317 Sallentinum

219 2363 376 2410 agrum
409 2346 737 2410 proximosque
772 2345 948 2408 Apuliae
991 2344 1122 2391 saltus
1164 2341 1338 2389 dimiffi.
1377 2340 1498 2387 unde

218 2432 376 2470 ceterae
393 2421 555 2484 praedae
574 2418 694 2468 haud
711 2418 926 2478 multum,
940 2433 1163 2482 equorum
1181 2431 1333 2481 greges
1350 2412 1494 2465 maxi·
