1628 2890
165 170 255 219 130
532 150 1100 198 T1T1L1V11

159 260 302 319 diale‚
333 270 384 307 ut
415 256 602 316 assolet,
634 255 807 305 sacrum
834 255 949 303 fuit:
982 269 1217 322 ceteraque
1245 257 1453 322 prodigia
1508 292 1513 298 ⁵

159 353 262 383 cum
292 349 397 379 cura
420 342 610 394 expiata.

228 406 422 452 XXXII.
456 402 679 451 Consules
698 402 923 450 exercitus
947 401 1063 449 inter
1084 401 1169 449 sese
1189 401 1451 452 diviserunt.

160 477 300 525 Fabio
322 474 550 522 exercitus
567 510 580 533 ,
602 474 674 522 cui
699 477 763 521 M.
790 474 948 522 Junius
971 473 1163 521 di&ator
1183 474 1422 537 praefuerat
1437 510 1452 533 ‚

161 548 341 609 evenit3
370 546 643 610 Sempronio
669 547 888 606 volones,
910 546 988 611 qui
1009 544 1168 592 fierent
1182 582 1198 603 ,
1223 549 1272 594 &
1297 546 1452 593 socio-

160 639 261 670 rum
296 621 459 685 viginti
498 619 703 686 quinque
737 620 903 676 millia3
942 621 1006 666 Μ.
1040 618 1227 667 Valerio
1265 618 1453 681 praetori
1486 669 1491 672 χ

162 697 385 762 legiones,
404 713 504 760 quae
519 712 574 742 ex
591 695 742 742 Sicilia
759 695 989 750 redissent,
1005 693 1214 740 decretae:
1237 695 1300 740 M.
1317 693 1453 739 Clau-

163 771 266 818 dius
283 768 531 833 proconsul
560 768 615 814 ad
645 784 748 814 eum
767 767 1015 815 exercitum
1033 802 1047 824 ‚
1069 765 1147 829 qui
1175 765 1305 829 supra
1325 764 1456 811 Sues-

163 844 305 892 sulam
339 842 474 890 Nolae
503 842 782 906 praefideret‚
809 841 973 888 missus.
1010 841 1229 888 Praetores
1260 840 1309 886 in
1341 840 1457 887 Sici-

164 918 273 965 liam
307 934 359 965 ac
392 916 639 963 Sardiniam
676 913 885 978 profesti.
926 912 1149 959 Consules
1184 913 1457 970 edixerunt,

166 991 349 1056 quoties
383 991 431 1037 in
468 990 669 1037 senatum
697 988 956 1047 vocassent,
983 988 1051 1035 uti
1080 986 1328 1045 senatores,
1353 987 1459 1051 qui-

166 1065 333 1129 busque
359 1064 406 1111 in
429 1063 582 1110 senatu
610 1062 759 1111 dicere
781 1060 1042 1108 sententiam
1071 1060 1253 1120 liceret,
1275 1061 1329 1108 ad
1348 1076 1458 1123 por-

166 1151 258 1186 tam
279 1138 510 1200 Capenam
541 1135 860 1184 convenirent.
890 1135 1110 1181 Praetores
1126 1169 1141 1192 ,
1166 1150 1366 1195 quorum
1384 1130 1458 1193 ju-

166 1212 363 1275 risdietio
386 1225 504 1270 erat,
522 1209 763 1256 tribunalia
792 1208 848 1254 ad
874 1207 1093 1255 Piscinam
1124 1207 1349 1271 publicam
1368 1223 1458 1270 po-

166 1287 364 1334 suerunt.
409 1300 465 1330 eo
502 1280 764 1331 vadimonia
796 1279 893 1326 fieri
930 1279 1146 1342 jufferunt
1173 1298 1183 1326 :
1216 1280 1370 1343 ibique
1400 1295 1459 1325 eo

168 1373 291 1406 anno
324 1356 393 1419 jus
428 1356 594 1403 distum
629 1352 704 1400 est.
738 1352 920 1398 Interim
956 1351 1309 1415 Carthaginem,
1340 1350 1460 1397 unde

168 1432 310 1494 Mago
333 1429 468 1476 frater
501 1424 764 1477 Hannibalis
794 1423 1039 1473 duodecim
1062 1422 1204 1470 millia
1227 1421 1425 1485 peditum
1443 1458 1461 1481 ,

170 1505 222 1550 &
257 1503 380 1549 mille
416 1500 689 1566 quingentos
725 1499 929 1563 equites,
966 1496 1133 1562 viginti
1165 1496 1461 1559 elephantos,

169 1576 292 1624 mille
315 1576 486 1640 argenti
518 1574 685 1621 talenta
706 1573 754 1619 in
779 1573 945 1619 ltaliam
977 1570 1306 1619 transmissurus
1338 1581 1460 1627 erat,

171 1668 275 1699 curn
306 1648 511 1713 praesidio
531 1647 755 1710 sexaginta
774 1645 962 1693 navium
986 1644 1225 1707 longarum
1240 1679 1254 1701 ‚
1275 1641 1462 1688 nuntius

173 1724 376 1781 affertur,
403 1724 449 1769 in
482 1720 694 1784 Hispania
723 1736 818 1766 rem
847 1720 963 1765 male
995 1718 1188 1783 gestam,
1216 1715 1462 1778 omnesque

172 1797 312 1844 ferme
347 1797 440 1859 ejus
473 1793 728 1859 provinciae
758 1792 956 1856 populos
983 1792 1038 1839 ad
1068 1792 1304 1838 Romanos
1336 1788 1462 1835 defe-

175 1873 290 1921 ciffe.
308 1873 444 1918 Erant
460 1907 476 1928 ,
497 1870 574 1933 qui
595 1871 839 1931 Magonem
859 1884 961 1914 cum
981 1865 1109 1914 claffe
1129 1882 1179 1912 ea
1199 1863 1433 1927 copiisque
1447 1897 1464 1920 ,

174 1947 331 1994 omissa
352 1946 474 1993 ltalia
490 1981 504 2002 ,
535 1944 581 1989 in
603 1941 865 2006 Hispaniam
885 1951 1167 1994 averterent;
1194 1955 1293 1985 cum
1312 1936 1464 1982 Sardi-

176 2020 264 2066 niae
296 2018 565 2082 recipiendae
594 2015 828 2078 repentina
859 2013 954 2076 spes
986 2011 1159 2060 affulfit.
1189 2015 1375 2057 Parvum
1401 2011 1464 2055 ibi

173 2097 397 2140 excercitum
429 2095 671 2138 Romanum
703 2087 777 2152 effe
796 2107 812 2134 :
843 2103 1007 2134 veterem
1038 2103 1246 2147 praetorem
1281 2086 1377 2130 inde
1399 2085 1463 2128 A.

178 2169 410 2212 Cornelium
433 2167 659 2225 provincia:
678 2163 860 2224 peritum
890 2162 1098 2217 decedere,
1129 2177 1282 2205 novum
1314 2158 1463 2217 exslve-

177 2241 291 2288 ἔῖανὶ.
323 2243 404 2285 Ad
428 2241 526 2290 hoc,
541 2236 670 2301 βψς
690 2237 785 2293 jam
810 2237 976 2280 animos
1003 2236 1233 2278 Sardorum
1259 2230 1333 2293 effi}
1359 2232 1462 2275 clin-

178 2315 369 2359 turnitate
403 2313 597 2370 imperii:
627 2307 669 2354 δ’
694 2308 896 2368 proximo
934 2307 989 2350 iis
1026 2322 1141 2350 armo
1174 2305 1308 2347 acerbe
1343 2318 1463 2362 atque

177 2402 301 2431 avare
336 2387 593 2443 imperatum.
634 2381 769 2425 Gravi
802 2380 952 2424 tributo
990 2374 1032 2422 G*
1061 2378 1280 2421 collatione
1317 2377 1463 2434 iniqua

182 2455 376 2511 {iumenti
400 2450 568 2516 preffos.
602 2454 714 2498 nihil
742 2448 864 2515 deeſj}
895 2451 1020 2495 aliud
1028 2483 1044 2504 ,,
1076 2466 1198 2509 quam
1234 2447 1463 2504 αιιὲἶογενη,
