1628 2890
305 171 846 222 Hls‘romARUM
889 172 1019 218 ΗΒ.
1058 170 1232 218 xxm.
1357 183 1409 232 53

131 299 196 331 tos
223 282 323 339 ciet,
348 285 451 343 quid
478 285 581 327 inter
609 297 813 327 armatam
835 281 1090 337 juventutem
1125 278 1257 338 censes
1271 277 1416 337 fhi‘t‘uz-

132 375 221 404 rum
240 392 255 413 ,
277 354 319 402 δ’
335 358 405 401 ubi
431 359 633 415 extemplo
659 355 780 400 verba
800 371 858 398 res
873 354 1094 413 sequitur?
1114 354 1251 412 Atqui
1257 351 1307 415 si
1324 354 1417 406 lzic,

123 427 462 491 >quoa'fac‘lurum
473 429 523 488 fe
549 428 785 482 denuntiat,
811 430 1013 486 extemplo
1038 426 1286 485 pugnaverit
1297 442 1318 479 ;
1345 437 1421 468 aut

133 522 206 566 ego
235 522 316 550 rem
337 506 558 549 militarem
573 537 587 559 ,
614 502 709 547 belli
732 502 809 545 lzoc
829 517 978 560 genus,
1005 500 1150 565 hostem
1168 500 1276 543 lzunc
1292 500 1419 558 igno.-

133 595 180 622 νο
195 611 209 633 ,
241 593 315 622 aut
330 579 512 622 nobilior
536 577 649 620 alius
671 573 907 637 Trasimeno
928 577 1040 617 locus
1067 572 1212 636 nostris
1230 571 1420 616 cladibus

132 650 221 694 erit.
250 652 336 695 Nec
363 648 579 711 gloriandi
599 663 758 714 tempus
789 645 983 703 adversus
1004 662 1133 688 unum
1152 645 1205 709 est
1216 661 1235 697 ;
1254 658 1300 687 ut
1318 660 1389 704 ego
1405 675 1421 699 ,

134 723 428 765 contemnendo
453 722 621 779 potius,
650 736 774 778 quam
809 717 1035 776 appetendo
1053 749 1066 771 ‚
1089 718 1295 775 gloriam,
1326 710 1423 760 moss

135 795 236 838 dum
264 789 505 856 exceffirim.
537 793 625 837 Sed
651 794 712 836 ita
744 808 804 836 res
831 791 962 834 habet.
997 806 1082 832 una
1102 790 1209 832 ratio
1230 790 1324 832 belli
1355 805 1423 849 ge-

136 867 254 910 rendi
271 865 464 926 adversus
481 866 769 909 Hannibalem
787 864 865 929 est,
890 880 970 921 qua
989 879 1058 922 ego
1075 860 1178 922 geffi.
1215 879 1286 905 nec
1303 879 1425 905 even-

135 952 204 982 tus
230 939 354 981 modo
387 939 462 982 lzoc
492 938 632 991 docet,
665 935 908 996 (stultorum
936 932 1003 998 iste
1035 933 1224 997 magister
1249 932 1323 995 est)
1343 933 1427 991 sed

137 1013 279 1055 eadem
302 1013 437 1066 ratio,
455 1028 540 1071 quae
550 1009 665 1068 fuit,
674 999 925 1068 futuraque,
947 1009 1074 1051 donec
1093 1023 1155 1052 res
1174 1009 1316 1051 eaedem
1334 1025 1425 1051 ma-

138 1085 611 1140 nebunt‚immutabili5
640 1083 699 1148 est
735 1083 789 1127 In
822 1083 954 1126 Italia
980 1082 1125 1125 bellum
1152 1082 1360 1140 gerimus,
1379 1082 1426 1125 in

125 1157 226 1217 sede
247 1176 296 1203 ac
303 1158 408 1217 so‘lo
419 1157 566 1220 nostro.
591 1158 733 1200 omnia
765 1158 872 1200 circa
892 1155 1020 1214 plena
1041 1155 1194 1198 civium
1211 1171 1260 1198 ac
1278 1147 1426 1213 focio-

140 1250 230 1276 rurn
254 1231 375 1292 sunt.
403 1232 557 1286 armis,
585 1232 712 1286 viris,
743 1230 877 1289 equis,
912 1227 1204 1271 commeatibus
1238 1225 1427 1283 juvant,

135 1302 439 1363 juvabuntque.
464 1305 513 1348 id
520 1302 616 1359 jam
621 1303 729 1362 fidei
755 1304 1038 1346 documentum
1057 1300 1101 1343 in
1122 1298 1298 1360 adversis
1314 1301 1429 1344 rebus

140 1381 287 1445 nostris
319 1384 526 1427 dederunt.
563 1384 770 1437 meliores,
802 1379 1109 1439 prudentiores,
1142 1395 1214 1422 con
1249 1378 1430 1420 antiores

141 1473 220 1500 nos
246 1472 403 1515 ternpus
433 1457 592 1517 diesque
598 1454 727 1514 facit.
755 1455 985 1500 Hannibal
1010 1469 1149 1498 con-tra
1181 1455 1226 1497 in
1257 1454 1395 1496 aliena
1412 1484 1428 1507 ,

141 1530 187 1572 in
213 1530 350 1594 lzostili
364 1529 533 1593 estterra
547 1563 560 1585 ‚
583 1531 690 1573 inter
705 1529 847 1573 omnia
866 1529 1041 1572 inimica
1061 1524 1305 1589 infestaque,
1330 1541 1432 1582 pro-

143 1606 214 1647 cul
235 1605 287 1647 ab
305 1605 455 1659 domo,
477 1605 696 1664 proculab
715 1605 873 1663 patria.
904 1620 1028 1662 neque
1056 1603 1123 1646 illi
1156 1615 1286 1652 terra,
1307 1615 1434 1657 neque

144 1677 254 1720 mari
271 1677 325 1742 est
342 1695 440 1736 pax
458 1695 474 1722 .·
499 1679 625 1721 nullae
648 1695 737 1721 eum
763 1677 876 1721 urbes
911 1675 1123 1734 accipiunt
1138 1707 1151 1729 ,
1181 1675 1301 1716 nulla
1329 1688 1433 1715 moe-

145 1753 221 1795 nia
251 1767 267 1795 .·
299 1753 414 1796 nilzil
441 1752 615 1811 usquam
644 1752 722 1811 fiii
757 1751 869 1795 videt
889 1766 904 1793 .·
945 1750 989 1792 in
1022 1749 1128 1791 diem
1164 1761 1281 1805 rapto
1313 1745 1435 1790 vivit,

141 1839 300 1883 partem
322 1826 407 1869 ‘vix‘
428 1827 591 1870 tertiam
620 1825 816 1868 exercitus
850 1819 940 1878 ejus
972 1821 1112 1875 habet,
1134 1836 1247 1878 quem
1275 1819 1435 1862 Iberum

150 1914 310 1940 amnem
331 1895 506 1952 trajecit.
533 1899 673 1956 plures
681 1894 848 1953 sames,
870 1910 992 1953 quam
1007 1889 1190 1949 ferrum,
1213 1890 1437 1953 ahsiimfit:

152 1985 222 2012 nec
258 1970 323 2012 his
344 1969 495 2027 paucis
519 1968 615 2024 jam
648 1968 778 2013 viflus
798 1967 1058 2026 ficppeditat.
1082 1965 1286 2028 *Dubitas
1318 1980 1438 2023 ergo,

151 2041 251 2101 quin
258 2040 442 2100 sedendo
447 2042 684 2102 superaturi
693 2041 828 2104 fimus
847 2057 954 2094 eum,
972 2039 1042 2096 qui
1049 2036 1240 2096 senescat
1255 2038 1301 2080 in
1319 2037 1440 2080 dies?

151 2129 237 2158 non
263 2129 512 2158 commeatus
527 2148 540 2169 ‚
564 2130 650 2158 non
670 2114 895 2172 pecuniam
913 2110 1096 2155 habeat?
1123 2110 1342 2169 Quamdiu
1359 2126 1441 2168 pro

155 2186 329 2230 Geronii
343 2221 354 2240 ‚
385 2187 536 2249 castelli
556 2188 731 2245 Apuliae
745 2186 886 2245 inopis
901 2217 915 2240 ‚
937 2198 1135 2242 tanquam
1159 2199 1238 2241 pro
1264 2183 1440 2226 Cartha-

150 2259 265 2317 ginis
285 2247 521 2303 manibus?
547 2260 633 2303 Sed
649 2275 698 2302 ne
729 2256 924 2316 adversus
945 2271 981 2300 te
1000 2257 1158 2315 quidem
1181 2271 1253 2315 ego
1280 2257 1442 2315 gloria-

150 2328 235 2372 bor.
272 2331 345 2373 Cn.
381 2329 586 2374 Servilius
627 2345 745 2389 atque
779 2330 969 2381 Atilius,
996 2328 1187 2386 proximi
1224 2326 1437 2384 consules,

156 2398 250 2443 vide
267 2432 280 2454 ,
299 2402 641 2459 quemadmodum
659 2418 748 2446 eum
777 2400 982 2458 ludificati
994 2397 1101 2462 sint.
1138 2398 1240 2441 Haec
1269 2415 1357 2441 una
1362 2396 1441 2456 siz-

154 2472 255 2515 lutis
290 2470 343 2533 est
368 2473 540 2531 via2L.
572 2474 741 2531 Paulle,
777 2489 901 2533 quarn
936 2472 1148 2535 dificilem
1180 2468 1440 2534 infestamque
