1628 2890
0 145 3 187 ἰ

95 195 124 227 r
228 190 808 244 HISTORIARUM
842 188 975 234 LIB.
1009 185 1182 233 XXV.
1292 199 1377 249 253

100 315 236 368 pente
256 300 518 357 voluntate,
537 298 691 345 Iocum
721 294 875 360 gratiae
904 292 1023 357 apud
1046 293 1247 344 Poenum
1268 307 1392 354 quae·

99 392 228 434 rens,
247 391 393 439 neque
409 371 594 420 transire
615 369 729 432 ipse,
745 383 890 430 neque
910 366 1087 414 trahere
1106 366 1162 413 ad
1181 364 1394 412 defectio-

100 465 205 496 nem
227 450 433 494 Lucanos
461 444 559 492 satis
578 440 760 498 habuit,
789 440 870 486 nisi
891 436 1179 502 imperatoris
1207 439 1257 486 &
1277 436 1394 498 ejus-

99 522 204 567 dem
225 517 413 582 hospitis
433 514 603 580 proditi
627 511 773 576 capite
801 529 852 559 ac
879 511 1090 575 sanguine
1113 509 1265 558 foedus
1286 527 1393 557 cum

101 592 306 640 hostibus
344 590 564 638 sanxisset.
605 586 660 633 ad
696 587 940 648 Magonem
955 620 971 641 ,
1011 583 1091 647 qui
1126 583 1175 629 in
1209 582 1394 629 Bruttiis

102 676 322 729 praeerat,
344 664 457 711 clam
480 661 527 708 in
554 657 843 721 colloquium
867 654 1024 703 venit:
1045 654 1224 718 fideque
1254 654 1311 700 ab
1336 670 1394 700 eo

101 750 317 800 accepta,
344 736 376 783 fi
403 736 664 782 Romanum
693 730 747 777 iis
777 729 1096 791 imperatorem
1127 727 1396 785 tradidisset,

101 810 272 857 liberos
295 826 397 856 cum
420 807 504 854 suis
533 804 705 870 legibus
725 814 948 851 venturos
981 800 1028 847 in
1047 799 1290 848 amicitiam
1309 802 1396 846 Lu-

101 897 266 938 canos3
287 878 466 927 deducit
492 880 715 930 Poenum,
735 874 784 922 in
813 873 967 921 locum
992 872 1114 936 pacis
1138 871 1398 919 Gracchum

102 954 386 1001 adduiturus.
417 953 662 1015 Magonem
693 946 756 994 ibi
778 946 950 1010 pedites
970 942 1228 1008 equitesque
1251 961 1399 991 arma-

101 1043 175 1084 re,
210 1026 260 1072 &
285 1039 455 1088 capere¹
472 1038 540 1069 eas
567 1019 781 1076 latebras,
803 1017 882 1064 ubi
906 1017 1135 1081 ingentem
1159 1031 1398 1062 numerum

103 1097 359 1154 occuleret,
377 1094 516 1158 jubet.
547 1095 676 1140 Loco
695 1089 796 1138 satis
814 1087 1013 1153 inspeeto
1043 1099 1174 1151 atque
1196 1086 1398 1150 undique

101 1171 374 1234 explorato,
397 1169 489 1216 dies
515 1166 768 1230 composita
789 1164 995 1229 gerendae
1023 1163 1088 1210 rei
1108 1162 1184 1210 est.
1210 1161 1399 1214 ¹Flavius

103 1245 162 1292 ad
201 1245 462 1290 Romanum
499 1241 821 1304 imperatorem
860 1237 990 1286 venit
1015 1255 1025 1284 :
1064 1239 1166 1283 Rem
1187 1238 1267 1298 fic,
1304 1234 1396 1290 ait,

102 1337 304 1380 magnam
330 1314 534 1380 inclzoaſjf}
547 1350 560 1374 ,
581 1317 641 1361 aa'
657 1333 780 1376 qaam
797 1314 1091 1375 perficiendam
1114 1311 1245 1376 ipfius
1262 1312 1399 1356 Grac·

105 1396 173 1441 dn·
215 1411 335 1453 opera
367 1409 470 1452 opus
508 1388 595 1453 effic.
635 1391 823 1434 omnium
847 1391 1102 1449 populorum
1127 1378 1399 1446 praetoribicS,

105 1469 180 1528 qui
211 1469 272 1510 ad
290 1467 465 1510 Poenam
486 1465 530 1509 in
551 1466 626 1508 illo
646 1464 854 1508 communi
875 1462 1014 1506 Italiae
1032 1474 1146 1505 mota
1167 1455 1400 1520 defciffime,

98 1537 369 1603 peffuastffi,
416 1554 462 1584 ut
499 1539 673 1584 redirem
707 1538 754 1582 ia
789 1535 1026 1581 amicitiam
1061 1534 1350 1578 Romanorum
1384 1550 1399 1576 .-

107 1616 277 1674 quando
297 1630 358 1658 res
379 1630 532 1673 quoque
560 1612 761 1656 Romana
777 1644 790 1666 ,
819 1627 904 1669 quae
925 1626 1054 1668 prope
1075 1609 1252 1652 exitium
1285 1608 1400 1651 clade

112 1685 324 1750 Cannenst
346 1683 537 1749 venzſjet,
561 1687 606 1729 in
638 1686 725 1731 dies
755 1685 899 1730 melior
927 1697 1046 1742 acque
1075 1680 1237 1726 auHior
1254 1680 1371 1738 fieret
1382 1698 1403 1733 ;

106 1761 378 1808 Hannibalis
399 1759 716 1820 visfitnefieret,
737 1776 786 1803 ac
797 1774 928 1817 prope
948 1757 1009 1801 ad
1024 1755 1203 1800 nihilum
1224 1751 1401 1816 venisset.

110 1836 251 1883 Veteri
281 1833 427 1881 deliflo
453 1835 572 1879 haud
594 1834 878 1894 implacabiles
896 1829 992 1890 fore
1020 1829 1243 1875 Romanos
1262 1846 1278 1874 .·
1301 1832 1402 1873 nul-

107 1912 197 1954 lam
219 1925 403 1968 unquam
421 1923 580 1967 gentem
601 1907 737 1966 magis
766 1905 1018 1950 exorabilem
1033 1935 1046 1958 ,
1057 1904 1403 1961 promtioremque

110 1980 240 2026 veniae
266 1980 416 2023 dandae
433 1975 574 2040 ficiffie.
608 1979 764 2037 quoties
799 1976 1010 2021 rebellioni
1041 1976 1166 2019 etiam
1194 1973 1402 2027 [majorum

100 2055 277 2115 ficorum
308 2055 533 2115 ignotum?
563 2053 667 2097 Haec
692 2052 745 2096 ab
759 2051 834 2112 se,
867 2048 952 2103 ait,
976 2047 1085 2093 difla
1108 2066 1123 2092 :
1153 2064 1321 2094 ceterum
1351 2049 1404 2092 ab

111 2126 204 2185 ipso
227 2126 414 2169 Graccho
443 2125 581 2169 eadem
602 2124 682 2168 haec
708 2125 851 2168 audire
869 2124 993 2165 malle
1015 2138 1106 2175 eos,
1118 2120 1408 2181 prasentzfhue

110 2196 344 2256 contingere
361 2197 552 2240 dextram
569 2210 586 2238 .·
610 2195 658 2240 id
665 2195 825 2255 pignus
837 2193 939 2252 fidei
952 2192 1094 2252 ficum
1105 2191 1229 2250 ferre.
1253 2193 1405 2235 Locum

100 2272 154 2332 se
173 2269 351 2330 confiiis
373 2266 526 2331 dixzffe
551 2286 578 2312 a
600 2265 811 2328 conspeflzc
831 2281 1042 2318 amotam,
1061 2266 1177 2309 lzaud
1197 2266 1351 2323 procul
1377 2282 1403 2307 a

112 2343 252 2406 castris
270 2343 493 2387 Romanis.
512 2342 579 2386 Ibi
589 2343 742 2401 paucis
760 2341 893 2383 verbis
918 2337 1087 2399 transigi
1107 2355 1186 2382 rem
1198 2332 1311 2399 poſje
1325 2371 1339 2392 ,
1360 2349 1407 2380 ut

112 2435 231 2461 omne
253 2434 401 2461 nomen
420 2418 633 2460 Lucanum
662 2412 709 2458 in
726 2414 815 2472 fide
835 2412 1089 2471 acsociecate
1111 2412 1310 2454 Romana
1322 2408 1404 2471 sit.

114 2488 377 2546 Gracchus,
402 2486 601 2534 fraudem
623 2486 674 2534 &
701 2483 896 2533 sermoni
926 2485 977 2531 &
1006 2482 1072 2529 rei
1095 2480 1235 2528 abeffe
1257 2492 1401 2539 ratus,
