1628 2890
236 200 777 249 ΗΙΞΤΟΡΙΑΚΟΜ
813 199 941 244 LIB.
978 197 1187 244 XXIV.
1265 209 1349 242 201

81 309 426 389 serebanturque
461 306 714 368 colloquia
727 322 805 367 per
841 305 1127 367 propinquos
1163 302 1363 366 popula-i

82 381 229 438 lium,
258 379 335 442 qui
372 378 417 425 in
447 378 646 423 exercitu
677 388 824 432 erant,
856 387 904 422 ut
934 388 1084 437 portas
1109 375 1363 437 aperirent,

84 454 366 514 sinerentque
395 467 682 497 communem
704 449 887 509 patriam
905 447 1082 494 defendi
1109 449 1164 495 ab
1192 448 1365 511 impetu.

84 527 413 573 Romanorum.
439 525 561 580 Jam,
582 521 680 568 unis
710 520 883 568 foribus
913 521 1143 584 Hexapyli
1170 521 1333 584 apertis
1350 555 1368 579 ,

87 600 229 662 coepti
268 611 392 646 erant
429 597 596 660 recipi,
627 613 727 643 cum
761 608 973 657 praetores
1010 594 1367 644 intervenerunt.

86 675 136 720 ὅ(
177 674 325 736 primo
360 670 551 734 imperio
589 668 838 730 minisque,
874 667 1032 714 deinde
1073 668 1367 726 auEIoritate,

88 748 356 793 deterrendo
375 783 387 803 ,
411 744 664 806 postrem0‚
686 754 737 788 ut
753 741 906 787 omnia
927 758 1043 787 vana
1064 753 1213 798 erant,
1233 741 1369 789 obliti

87 818 322 879 majestatis
341 817 578 880 ,precibus
598 813 784 879 agebanr
799 848 812 870 ‚
841 829 895 859 ne
914 812 1153 874 proderent
1180 813 1368 874 patriam

87 890 274 953 tyranni
291 902 391 937 ante
407 888 687 941 satellitibus,
701 888 751 933 &
764 898 859 932 tum
877 884 1222 947 corruptoribus
1240 903 1370 932 exer-

89 964 216 1010 citus.
254 964 338 1009 Sed
376 961 515 1009 surdae
550 960 605 1007 ad
640 960 738 1005 haec
780 957 934 1004 omnia
966 973 1092 1003 aures
1129 958 1371 1004 concitatae

89 1035 382 1083 multitudinis
405 1045 555 1090 erant,
577 1049 659 1080 nec
690 1030 867 1078 minore
897 1029 1018 1076 intus
1045 1030 1120 1087 vi,
1140 1047 1272 1092 quam
1294 1030 1371 1077 fo·-

89 1107 178 1164 ris,
217 1120 362 1169 portae
401 1106 751 1168 effringebantur
779 1121 789 1149 :
821 1102 1090 1164 effraffisque
1128 1103 1370 1160 omnibus,

91 1189 191 1225 tuto
212 1178 258 1223 in
280 1177 523 1241 Hexapylo
545 1192 704 1240 agmen
723 1186 952 1237 receptum
975 1174 1047 1221 est.
1082 1176 1298 1221 Praetores
1321 1174 1371 1221 in

91 1250 388 1298 Achradinam
405 1267 504 1297 cum
526 1247 762 1310 juventute
779 1247 1063 1311 popularium
1081 1245 1371 1309 confugiunt.

91 1322 357 1370 mercenarii
387 1322 547 1369 milites
576 1320 887 1384 perfugaeque,
912 1321 961 1368 &
981 1319 1198 1384 quidquid
1216 1319 1369 1382 regio-

92 1413 192 1442 rum
212 1395 405 1442 militum
423 1394 647 1460 Syracusis
665 1410 756 1441 erat
771 1431 784 1450 ,
803 1397 959 1457 agmen
980 1393 1171 1440 hostium
1195 1403 1375 1456 augenn

94 1473 159 1516 lta
176 1470 429 1517 Achradina
453 1486 635 1533 quoque
660 1469 808 1532 primo
841 1469 1009 1531 impetu
1032 1467 1230 1530 capitur,
1254 1484 1373 1530 prae-

95 1556 370 1607 torumque,
405 1542 486 1588 nisi
526 1542 604 1606 qui
649 1542 765 1589 inter
807 1542 1051 1589 tumultum
1089 1539 1372 1603 effugerunt,

97 1632 253 1663 omnes
284 1613 627 1662 interficiuntur.
657 1631 753 1661 nox
777 1615 968 1662 caedibus
986 1613 1120 1659 finem
1140 1612 1260 1661 fecit.
1281 1614 1376 1660 Po-

96 1686 215 1734 stero
233 1687 304 1734 die
330 1686 447 1733 servi
476 1687 530 1733 ad
550 1686 716 1749 pileum
745 1685 927 1745 νοεεῑῐῐ,
948 1689 996 1734 &
1027 1701 1201 1732 carcere
1231 1684 1374 1731 vinffi

94 1760 267 1807 emiffi:
298 1757 569 1821 confusaque
601 1758 697 1805 haec
731 1757 879 1805 omnis
916 1757 1158 1804 multitudo
1191 1757 1380 1820 Hippo«,

95 1844 263 1879 cratem
288 1843 419 1896 atque
445 1831 694 1895 Epycidem
729 1844 879 1879 creant
903 1842 1119 1894 praetores
1142 1849 1152 1877 :
1173 1832 1376 1895 Syracu-

97 1904 273 1966 saeque,
311 1921 411 1951 cum
446 1904 584 1951 breve
619 1917 791 1966 tempus
827 1904 1004 1952 libertas
1042 1903 1288 1964 affulsisset,
1324 1904 1377 1950 in

98 1977 325 2037 antiquam
345 1975 603 2022 servitutem
627 1976 895 2024 reciderunt.

163 2049 377 2095 XXXIII.
410 2049 517 2095 Haec
541 2048 740 2095 nuntiata
768 2066 870 2096 cum
893 2048 1029 2095 essent
1057 2046 1298 2104 Romanis,
1318 2063 1378 2093 ex

100 2119 333 2174 Leontinis
361 2132 484 2166 mota
515 2119 615 2165 sunt
635 2119 865 2181 extemplo
897 2118 1032 2166 castra
1050 2119 1104 2164 ad
1123 2116 1379 2181 Syracusa&

99 2195 157 2241 Et
176 2195 230 2239 ab
251 2193 401 2255 Appio
433 2193 562 2256 legati
593 2209 669 2254 per
691 2205 872 2254 portum
892 2191 1002 2238 miffi
1028 2191 1143 2237 forte
1173 2191 1220 2237 in
1239 2189 1376 2254 quin-

100 2265 299 2328 queremi
318 2277 457 2312 erant.
479 2264 696 2327 praemifl'a
714 2263 1007 2326 quadriremis
1020 2298 1035 2320 ,
1056 2279 1159 2309 cum
1180 2261 1378 2308 intrass'et

99 2339 246 2387 fauces
272 2352 456 2402 portus,
483 2339 655 2401 capitur
673 2357 683 2384 :
703 2337 846 2401 'legati
876 2353 991 2400 aegre
1022 2335 1283 2398 effugerunt.
1321 2335 1381 2380 Et

98 2408 188 2472 jam
214 2427 309 2456 non
338 2412 478 2458 modo
503 2411 620 2473 pacis
636 2445 648 2465 ‚
678 2409 749 2456 sed
773 2426 829 2455 ne
849 2408 953 2455 belli
982 2407 1160 2471 quidam
1178 2406 1274 2468 jura
1302 2422 1376 2452 re-

100 2483 202 2532 lina
219 2496 344 2531 erant
363 2503 374 2533 :
397 2501 497 2533 cum
519 2486 749 2536 Romanus
775 2483 993 2531 exercitus
1025 2481 1080 2529 ad
1102 2479 1376 2545 Olympium
