1628 2890
239 136 784 187 HisToarARUM
820 142 950 188 Lm.
985 141 1164 189 XXV.
1265 160 1350 206 271

77 241 210 290 rarias
246 261 385 292 naves
422 261 556 308 quam
595 246 807 308 plurimas
855 247 982 294 omni
1033 249 1167 313 copia
1210 267 1358 299 rerum

77 316 256 363 onustas
294 316 442 365 secum
480 319 736 378 mitterent,
773 321 1035 386 classemque
1070 324 1188 370 suam
1223 343 1361 390 auge-

75 401 188 436 rent.
223 389 386 452 igstur,
415 403 593 437 centum
622 391 801 454 triginta
825 394 1017 441 navibus
1049 395 1195 459 longis
1216 398 1266 445 &
1292 398 1358 445 se·—

75 462 320 526 ptingentis
363 464 582 510 onerariis
611 465 836 528 profectus
867 485 889 514 a
927 469 1224 533 Carthagine,
1258 471 1359 519 satis

76 535 314 598 prosperos
343 548 509 583 vento:
549 536 602 582 ad
631 536 943 599 trajiciendum
978 540 1025 586 in
1056 542 1250 590 Siciliam
1282 544 1359 592 ha-

77 609 186 656 buit.
220 609 291 656 sed
315 610 445 658 iidem
465 612 592 659 venti·
616 612 819 675 superare
843 631 946 662 eum
964 618 1230 682 Pachynum
1250 638 1360 684 pro-

76 679 302 731 hibebant.
328 685 591 732 Bomilcaris
618 686 838 733 adventus
855 723 869 745 ‚
901 687 1018 735 fama
1050 691 1228 752 primo,
1256 693 1361 742 dein

77 767 238 816 praeter
263 756 380 820 spem
409 774 563 817 mora,
593 775 695 806 cum
727 759 935 822 gaudium
967 761 1016 807 &
1043 774 1210 810 metum
1239 765 1360 814 invio

77 847 172 877 cem
195 830 411 878 Romanis
429 831 800 897 Syracusanisque
821 833 1096 895 praebuifi'et3
1113 836 1358 901 Epicydes,

77 917 280 951 metuens
295 942 309 962 ‚
328 923 410 965 ne,
430 906 458 952 s1
479 919 713 970 pergerent
731 907 864 953 iidem
881 945 898 965 ‚
916 908 992 972 qui
1014 919 1109 955 tum
1128 912 1362 973 tenebant,

78 978 136 1024 ab
155 991 261 1025 ortu
286 978 390 1027 solis
417 979 524 1026 flare
544 996 623 1043 per
644 981 735 1028 dies
755 981 902 1043 plures
924 982 1049 1030 venti
1065 1019 1078 1040 ,
1114 984 1253 1033 claffis
1274 989 1359 1035 Pu-

77 1051 178 1096 nica
198 1049 393 1098 Africam
415 1063 657 1115 repeteret,
679 1053 837 1100 tradita
858 1054 1111 1102 Achradina
1132 1074 1360 1107 mercena-

76 1122 250 1170 riorum
288 1122 481 1171 militum
514 1125 723 1185 ducibus,
755 1127 810 1174 ad
835 1128 1133 1175 Bomilcarem
1164 1132 1360 1196 navigat,

79 1196 256 1243 claffem
299 1196 347 1242 in
377 1197 566 1245 statione
602 1200 728 1246 versa
764 1199 809 1247 in
849 1200 1046 1248 Africam
1089 1203 1358 1262 habentemff.

76 1281 212 1333 atque
245 1269 476 1316 timentem
510 1272 672 1318 navale
709 1272 949 1334 proelium,
983 1291 1077 1321 non
1115 1287 1205 1326 tam
1234 1280 1361 1342 quod

77 1344 222 1405 impar
251 1343 426 1391 viribus
459 1356 536 1391 aut
570 1362 760 1392 numero
792 1347 973 1395 navium
1004 1349 1131 1405 effer,
1169 1349 1363 1415 (quippe

78 1415 210 1461 etiam
252 1415 398 1478 plures
425 1415 640 1480 habebat)
675 1435 804 1481 quam
838 1421 965 1483 quod
1002 1422 1129 1469 venti
1164 1423 1362 1485 aptiores

78 1489 327 1546 Romanae,
365 1506 499 1553 quam
523 1490 637 1548 suae,
671 1491 787 1539 claffi
819 1492 1008 1551 flarent,
1035 1496 1230 1558 perpulit
1263 1510 1364 1544 tan-

79 1563 180 1607 dem
197 1597 210 1619 ,
228 1573 278 1608 ut
307 1561 532 1610 fortunam
566 1564 739 1610 navalis
773 1566 1025 1613 certaminis
1046 1567 1240 1630 experiri
1260 1570 1362 1616 vel·

77 1633 153 1681 let.
188 1637 243 1680 Et
272 1635 536 1694 Marcellus,
569 1654 671 1684 cum
707 1640 756 1685 δε
790 1638 990 1685 Siculum
1028 1640 1273 1688 exercitum
1307 1659 1364 1688 er<

79 1716 176 1750 tota
206 1704 346 1751 insula
379 1706 556 1752 conciri
588 1707 790 1767 videret,
814 1710 862 1756 &
895 1726 996 1755 cum
1034 1710 1204 1774 ingenti
1233 1729 1364 1758 com-

79 1793 226 1825 meatu
263 1779 436 1827 classem
466 1781 677 1828 Punicam
708 1782 981 1839 adventare,
1015 1800 1070 1829 ne
1097 1784 1224 1830 fimul
1249 1797 1363 1833 terra

74 1850 281 1915 marique
315 1851 510 1899 inclusus
546 1853 653 1900 urbe
686 1854 881 1901 hostium
921 1869 1182 1919 urgeretur,
1217 1873 1378 1920 quanr

78 1940 214 1986 quam
236 1924 377 1986 impar
403 1943 589 1972 numero
610 1927 793 1975 navium
819 1941 935 1987 erat,
967 1929 1207 1992 proh³bere
1239 1930 1366 1978 aditu

79 1997 394 2060 Syracusarum
413 1999 709 2046 Bomilcarem
730 2001 976 2048 constituit.
993 2003 1064 2048 Dr
1131 2003 1276 2049 classes
1296 2004 1366 2049 in·-

81 2068 199 2115 festae
225 2071 344 2117 circa
372 2071 740 2133 promontorium
768 2074 1034 2137 Pachynum
1059 2075 1256 2133 Labant,
1288 2075 1365 2124 ubi

80 2142 224 2205 prima
257 2144 556 2207 tranquillitas
583 2145 712 2192 maris
735 2145 782 2191 in
814 2147 950 2192 altum
980 2147 1219 2204 evexissct,
1252 2165 1363 2195 con-

81 2215 289 2263 cursurae.
326 2220 501 2281 ltaque,
539 2218 723 2264 cadente
755 2218 843 2281 jam
878 2222 1025 2278 EurO,
1056 2220 1133 2284 qui
1166 2237 1245 2283 per
1272 2221 1365 2268 dies

85 2288 257 2351 aliquot
278 2290 507 2348 saevierat,
526 2291 652 2354 prior
680 2292 906 2339 Bomilcar
933 2294 1084 2339 movit
1103 2312 1113 2339 z
1135 2294 1259 2355 cujus
1279 2295 1369 2357 pri-

83 2379 155 2407 ma
176 2364 313 2410 claffis
336 2377 486 2427 petere
518 2367 656 2414 altum
687 2367 782 2415 visa
805 2368 867 2415 est
885 2404 899 2427 ,
919 2386 1013 2433 quo
1043 2368 1217 2417 facilius
1242 2370 1370 2431 supe·

83 2446 201 2481 raret
232 2438 614 2498 promontorium.
657 2452 881 2499 ceterum,
917 2442 1158 2506 postquam
1188 2443 1371 2488 tendere
