<?xml version="1.0" encoding="UTF-8"?>
<!DOCTYPE html PUBLIC "-//W3C//DTD XHTML 1.0 Transitional//EN"
    "http://www.w3.org/TR/xhtml1/DTD/xhtml1-transitional.dtd">
<html xmlns="http://www.w3.org/1999/xhtml" xml:lang="en" lang="en">
 <head>
  <title>
</title>
<meta http-equiv="Content-Type" content="text/html;charset=utf-8" />
  <meta name='ocr-system' content='tesseract 3.04.00' />
  <meta name='ocr-capabilities' content='ocr_page ocr_carea ocr_par ocr_line ocrx_word'/>
</head>
<body>
  <div class='ocr_page' id='page_1' title='image "./historiarumlibri04livyuoft_0335.png"; bbox 0 0 1628 2890; ppageno 0'>
   <div class='ocr_carea' id='block_1_1' title="bbox 279 130 1405 192">
    <p class='ocr_par' dir='ltr' id='par_1_1' title="bbox 279 130 1405 192">
     <span class='ocr_line' id='line_1_1' title="bbox 279 130 1405 192; baseline -0.012 -6"><span class='ocrx_word' id='word_1_1' title='bbox 279 134 828 186; x_wconf 83' lang='lat' dir='ltr'><strong>HISTORIARUM</strong></span> <span class='ocrx_word' id='word_1_2' title='bbox 861 132 988 178; x_wconf 83' lang='lat' dir='ltr'><strong>LIB.</strong></span> <span class='ocrx_word' id='word_1_3' title='bbox 1023 130 1231 177; x_wconf 83' lang='lat' dir='ltr'><strong>XXVI.</strong></span> <span class='ocrx_word' id='word_1_4' title='bbox 1316 140 1405 192; x_wconf 57' lang='grc' dir='ltr'>μς</span> 
     </span>
    </p>
   </div>
   <div class='ocr_carea' id='block_1_2' title="bbox 131 234 1446 2419">
    <p class='ocr_par' dir='ltr' id='par_1_2' title="bbox 131 234 1446 2419">
     <span class='ocr_line' id='line_1_2' title="bbox 131 234 1414 300; baseline -0.009 -9"><span class='ocrx_word' id='word_1_5' title='bbox 131 254 207 292; x_wconf 82' lang='lat' dir='ltr'>aut</span> <span class='ocrx_word' id='word_1_6' title='bbox 228 243 344 290; x_wconf 80' lang='lat' dir='ltr'>ratio</span> <span class='ocrx_word' id='word_1_7' title='bbox 365 259 420 289; x_wconf 80' lang='lat' dir='ltr'>ex</span> <span class='ocrx_word' id='word_1_8' title='bbox 439 240 601 288; x_wconf 84' lang='lat' dir='ltr'>fiducia</span> <span class='ocrx_word' id='word_1_9' title='bbox 620 256 768 287; x_wconf 84' lang='lat' dir='ltr'>rerum</span> <span class='ocrx_word' id='word_1_10' title='bbox 786 238 999 300; x_wconf 80' lang='lat' dir='ltr'>subjicere</span> <span class='ocrx_word' id='word_1_11' title='bbox 1021 236 1146 283; x_wconf 80' lang='lat' dir='ltr'>solet.</span> <span class='ocrx_word' id='word_1_12' title='bbox 1174 234 1273 281; x_wconf 85' lang='lat' dir='ltr'>Fuit</span> <span class='ocrx_word' id='word_1_13' title='bbox 1290 234 1414 280; x_wconf 85' lang='lat' dir='ltr'>enim</span> 
     </span>
     <span class='ocr_line' id='line_1_3' title="bbox 133 306 1413 380; baseline -0.009 -16"><span class='ocrx_word' id='word_1_14' title='bbox 133 317 285 380; x_wconf 86' lang='lat' dir='ltr'>Scipio</span> <span class='ocrx_word' id='word_1_15' title='bbox 317 333 412 362; x_wconf 89' lang='lat' dir='ltr'>non</span> <span class='ocrx_word' id='word_1_16' title='bbox 442 315 561 362; x_wconf 79' lang='lat' dir='ltr'>veris</span> <span class='ocrx_word' id='word_1_17' title='bbox 593 326 767 361; x_wconf 89' lang='lat' dir='ltr'>tantum</span> <span class='ocrx_word' id='word_1_18' title='bbox 796 313 1041 360; x_wconf 83' lang='lat' dir='ltr'>virtutibus</span> <span class='ocrx_word' id='word_1_19' title='bbox 1070 308 1306 365; x_wconf 85' lang='lat' dir='ltr'>mirabilis,</span> <span class='ocrx_word' id='word_1_20' title='bbox 1336 306 1413 353; x_wconf 72' lang='lat' dir='ltr'>sed</span> 
     </span>
     <span class='ocr_line' id='line_1_4' title="bbox 135 377 1413 450; baseline -0.009 -16"><span class='ocrx_word' id='word_1_21' title='bbox 135 401 227 434; x_wconf 82' lang='lat' dir='ltr'>arte</span> <span class='ocrx_word' id='word_1_22' title='bbox 254 402 440 450; x_wconf 85' lang='lat' dir='ltr'>quoque</span> <span class='ocrx_word' id='word_1_23' title='bbox 473 384 663 447; x_wconf 85' lang='lat' dir='ltr'>quadam</span> <span class='ocrx_word' id='word_1_24' title='bbox 684 383 747 429; x_wconf 86' lang='lat' dir='ltr'>ab</span> <span class='ocrx_word' id='word_1_25' title='bbox 767 381 953 443; x_wconf 79' lang='lat' dir='ltr'>juventa</span> <span class='ocrx_word' id='word_1_26' title='bbox 985 380 1033 427; x_wconf 89' lang='lat' dir='ltr'>in</span> <span class='ocrx_word' id='word_1_27' title='bbox 1065 377 1413 426; x_wconf 84' lang='lat' dir='ltr'>ostentationem</span> 
     </span>
     <span class='ocr_line' id='line_1_5' title="bbox 132 450 1414 521; baseline -0.009 -14"><span class='ocrx_word' id='word_1_28' title='bbox 132 478 287 507; x_wconf 84' lang='lat' dir='ltr'>earum</span> <span class='ocrx_word' id='word_1_29' title='bbox 322 459 627 521; x_wconf 75' lang='lat' dir='ltr'>compositus:</span> <span class='ocrx_word' id='word_1_30' title='bbox 655 456 865 520; x_wconf 83' lang='lat' dir='ltr'><strong>pleraque</strong></span> <span class='ocrx_word' id='word_1_31' title='bbox 899 454 1016 517; x_wconf 87' lang='lat' dir='ltr'>apud</span> <span class='ocrx_word' id='word_1_32' title='bbox 1048 450 1414 507; x_wconf 68' lang='lat' dir='ltr'>multitudinem,</span> 
     </span>
     <span class='ocr_line' id='line_1_6' title="bbox 134 522 1414 597; baseline -0.011 -16"><span class='ocrx_word' id='word_1_33' title='bbox 134 547 211 581; x_wconf 84' lang='lat' dir='ltr'>aut</span> <span class='ocrx_word' id='word_1_34' title='bbox 229 551 308 597; x_wconf 89' lang='lat' dir='ltr'>per</span> <span class='ocrx_word' id='word_1_35' title='bbox 331 534 571 579; x_wconf 55' lang='lat' dir='ltr'>nocturnas</span> <span class='ocrx_word' id='word_1_36' title='bbox 599 530 691 580; x_wconf 83' lang='lat' dir='ltr'>visa</span> <span class='ocrx_word' id='word_1_37' title='bbox 721 530 911 593; x_wconf 83' lang='lat' dir='ltr'>species,</span> <span class='ocrx_word' id='word_1_38' title='bbox 940 539 1017 575; x_wconf 88' lang='lat' dir='ltr'>aut</span> <span class='ocrx_word' id='word_1_39' title='bbox 1042 526 1169 575; x_wconf 87' lang='lat' dir='ltr'>velut</span> <span class='ocrx_word' id='word_1_40' title='bbox 1196 522 1414 573; x_wconf 79' lang='lat' dir='ltr'>divinitus</span> 
     </span>
     <span class='ocr_line' id='line_1_7' title="bbox 133 596 1415 666; baseline -0.009 -13"><span class='ocrx_word' id='word_1_41' title='bbox 133 618 282 654; x_wconf 85' lang='lat' dir='ltr'>mente</span> <span class='ocrx_word' id='word_1_42' title='bbox 317 605 527 664; x_wconf 69' lang='lat' dir='ltr'>monita,</span> <span class='ocrx_word' id='word_1_43' title='bbox 549 620 711 666; x_wconf 84' lang='lat' dir='ltr'>agens:</span> <span class='ocrx_word' id='word_1_44' title='bbox 744 603 837 650; x_wconf 87' lang='lat' dir='ltr'>five</span> <span class='ocrx_word' id='word_1_45' title='bbox 873 603 923 648; x_wconf 86' lang='lat'>&amp;</span> <span class='ocrx_word' id='word_1_46' title='bbox 955 599 1046 663; x_wconf 87' lang='lat' dir='ltr'>ipse</span> <span class='ocrx_word' id='word_1_47' title='bbox 1082 598 1198 662; x_wconf 88' lang='lat' dir='ltr'>capti</span> <span class='ocrx_word' id='word_1_48' title='bbox 1222 596 1415 661; x_wconf 82' lang='lat' dir='ltr'>quadam</span> 
     </span>
     <span class='ocr_line' id='line_1_8' title="bbox 134 670 1415 743; baseline -0.009 -17"><span class='ocrx_word' id='word_1_49' title='bbox 134 679 446 743; x_wconf 84' lang='lat' dir='ltr'>superstitione</span> <span class='ocrx_word' id='word_1_50' title='bbox 479 677 641 734; x_wconf 81' lang='lat' dir='ltr'>animi,</span> <span class='ocrx_word' id='word_1_51' title='bbox 675 676 770 723; x_wconf 84' lang='lat' dir='ltr'>five</span> <span class='ocrx_word' id='word_1_52' title='bbox 800 685 850 720; x_wconf 92' lang='lat' dir='ltr'>ut</span> <span class='ocrx_word' id='word_1_53' title='bbox 882 672 1069 735; x_wconf 78' lang='lat' dir='ltr'>imperia</span> <span class='ocrx_word' id='word_1_54' title='bbox 1109 670 1415 732; x_wconf 78' lang='lat' dir='ltr'>consiliaque,</span> 
     </span>
     <span class='ocr_line' id='line_1_9' title="bbox 136 742 1413 807; baseline -0.009 -7"><span class='ocrx_word' id='word_1_55' title='bbox 136 754 265 801; x_wconf 85' lang='lat' dir='ltr'>velut</span> <span class='ocrx_word' id='word_1_56' title='bbox 282 753 400 799; x_wconf 75' lang='lat' dir='ltr'>sor-te</span> <span class='ocrx_word' id='word_1_57' title='bbox 419 751 592 798; x_wconf 87' lang='lat' dir='ltr'>oraculi</span> <span class='ocrx_word' id='word_1_58' title='bbox 614 748 735 796; x_wconf 75' lang='lat' dir='ltr'>missa</span> <span class='ocrx_word' id='word_1_59' title='bbox 751 785 765 807; x_wconf 89' lang='lat'>,</span> <span class='ocrx_word' id='word_1_60' title='bbox 782 747 872 794; x_wconf 85' lang='lat' dir='ltr'>fine</span> <span class='ocrx_word' id='word_1_61' title='bbox 893 745 1177 793; x_wconf 63' lang='lat' dir='ltr'>cunstatione</span> <span class='ocrx_word' id='word_1_62' title='bbox 1196 742 1413 806; x_wconf 84' lang='lat' dir='ltr'>exseque-</span> 
     </span>
     <span class='ocr_line' id='line_1_10' title="bbox 136 807 1413 885; baseline -0.01 -12"><span class='ocrx_word' id='word_1_63' title='bbox 136 839 303 873; x_wconf 85' lang='lat' dir='ltr'>rentur.</span> <span class='ocrx_word' id='word_1_64' title='bbox 332 825 404 871; x_wconf 88' lang='lat' dir='ltr'>Ad</span> <span class='ocrx_word' id='word_1_65' title='bbox 425 824 514 871; x_wconf 90' lang='lat' dir='ltr'>hoc</span> <span class='ocrx_word' id='word_1_66' title='bbox 540 821 752 885; x_wconf 73' lang='lat' dir='ltr'>jaminde</span> <span class='ocrx_word' id='word_1_67' title='bbox 780 820 835 866; x_wconf 89' lang='lat' dir='ltr'>ab</span> <span class='ocrx_word' id='word_1_68' title='bbox 864 818 999 865; x_wconf 88' lang='lat' dir='ltr'>initio</span> <span class='ocrx_word' id='word_1_69' title='bbox 1028 832 1280 880; x_wconf 77' lang='lat' dir='ltr'>praeparans</span> <span class='ocrx_word' id='word_1_70' title='bbox 1311 807 1413 860; x_wconf 68' lang='lat' dir='ltr'>ani·</span> 
     </span>
     <span class='ocr_line' id='line_1_11' title="bbox 135 886 1416 959; baseline -0.011 -14"><span class='ocrx_word' id='word_1_71' title='bbox 135 915 235 945; x_wconf 81' lang='lat' dir='ltr'>mos</span> <span class='ocrx_word' id='word_1_72' title='bbox 250 933 265 957; x_wconf 79' lang='grc'>,</span> <span class='ocrx_word' id='word_1_73' title='bbox 278 913 335 943; x_wconf 79' lang='lat' dir='ltr'>ex</span> <span class='ocrx_word' id='word_1_74' title='bbox 353 901 447 959; x_wconf 85' lang='lat' dir='ltr'>quo</span> <span class='ocrx_word' id='word_1_75' title='bbox 466 908 618 959; x_wconf 84' lang='lat' dir='ltr'>togam</span> <span class='ocrx_word' id='word_1_76' title='bbox 639 892 817 942; x_wconf 79' lang='lat' dir='ltr'>virilem</span> <span class='ocrx_word' id='word_1_77' title='bbox 840 890 989 938; x_wconf 76' lang='lat' dir='ltr'>sumsit</span> <span class='ocrx_word' id='word_1_78' title='bbox 1001 925 1022 948; x_wconf 84' lang='grc'>,.</span> <span class='ocrx_word' id='word_1_79' title='bbox 1043 889 1173 935; x_wconf 92' lang='lat' dir='ltr'>nullo</span> <span class='ocrx_word' id='word_1_80' title='bbox 1200 888 1270 934; x_wconf 79' lang='lat' dir='ltr'>die</span> <span class='ocrx_word' id='word_1_81' title='bbox 1290 886 1416 949; x_wconf 73' lang='lat' dir='ltr'>prius</span> 
     </span>
     <span class='ocr_line' id='line_1_12' title="bbox 136 959 1413 1032; baseline -0.011 -15"><span class='ocrx_word' id='word_1_82' title='bbox 136 970 275 1017; x_wconf 81' lang='lat' dir='ltr'>ullam</span> <span class='ocrx_word' id='word_1_83' title='bbox 311 968 537 1032; x_wconf 85' lang='lat' dir='ltr'>publicam</span> <span class='ocrx_word' id='word_1_84' title='bbox 572 966 879 1030; x_wconf 82' lang='lat' dir='ltr'>privatamque</span> <span class='ocrx_word' id='word_1_85' title='bbox 914 979 1008 1009; x_wconf 89' lang='lat' dir='ltr'>rem</span> <span class='ocrx_word' id='word_1_86' title='bbox 1045 961 1163 1024; x_wconf 77' lang='lat' dir='ltr'>egit,</span> <span class='ocrx_word' id='word_1_87' title='bbox 1191 976 1325 1023; x_wconf 89' lang='lat' dir='ltr'>quam</span> <span class='ocrx_word' id='word_1_88' title='bbox 1362 959 1413 1004; x_wconf 72' lang='lat' dir='ltr'>in</span> 
     </span>
     <span class='ocr_line' id='line_1_13' title="bbox 139 1031 1414 1104; baseline -0.009 -15"><span class='ocrx_word' id='word_1_89' title='bbox 139 1041 420 1104; x_wconf 71' lang='lat' dir='ltr'>Capitolium</span> <span class='ocrx_word' id='word_1_90' title='bbox 443 1040 554 1097; x_wconf 84' lang='lat' dir='ltr'>iret,</span> <span class='ocrx_word' id='word_1_91' title='bbox 575 1036 870 1102; x_wconf 77' lang='lat' dir='ltr'>ingressusque</span> <span class='ocrx_word' id='word_1_92' title='bbox 896 1035 1034 1080; x_wconf 82' lang='lat' dir='ltr'>aedem</span> <span class='ocrx_word' id='word_1_93' title='bbox 1056 1031 1305 1079; x_wconf 78' lang='lat' dir='ltr'>confideret</span> <span class='ocrx_word' id='word_1_94' title='bbox 1327 1048 1338 1075; x_wconf 78' lang='grc' dir='ltr'>ε</span> <span class='ocrx_word' id='word_1_95' title='bbox 1363 1031 1414 1077; x_wconf 68' lang='grc' dir='ltr'>δε</span> 
     </span>
     <span class='ocr_line' id='line_1_14' title="bbox 137 1101 1416 1179; baseline -0.012 -17"><span class='ocrx_word' id='word_1_96' title='bbox 137 1116 404 1179; x_wconf 76' lang='lat' dir='ltr'>plerumque</span> <span class='ocrx_word' id='word_1_97' title='bbox 429 1112 548 1161; x_wconf 87' lang='lat' dir='ltr'>solus</span> <span class='ocrx_word' id='word_1_98' title='bbox 574 1113 620 1159; x_wconf 91' lang='lat' dir='ltr'>in</span> <span class='ocrx_word' id='word_1_99' title='bbox 647 1112 817 1160; x_wconf 87' lang='lat' dir='ltr'>secreto</span> <span class='ocrx_word' id='word_1_100' title='bbox 841 1109 902 1155; x_wconf 89' lang='lat' dir='ltr'>ibi</span> <span class='ocrx_word' id='word_1_101' title='bbox 924 1121 1095 1169; x_wconf 83' lang='lat' dir='ltr'>tempus</span> <span class='ocrx_word' id='word_1_102' title='bbox 1121 1114 1294 1152; x_wconf 83' lang='lat' dir='ltr'>tereret.</span> <span class='ocrx_word' id='word_1_103' title='bbox 1324 1101 1416 1148; x_wconf 79' lang='lat' dir='ltr'>Hie</span> 
     </span>
     <span class='ocr_line' id='line_1_15' title="bbox 138 1176 1415 1249; baseline -0.011 -15"><span class='ocrx_word' id='word_1_104' title='bbox 138 1204 266 1245; x_wconf 78' lang='lat' dir='ltr'>mos,</span> <span class='ocrx_word' id='word_1_105' title='bbox 297 1186 375 1249; x_wconf 86' lang='lat' dir='ltr'>qui</span> <span class='ocrx_word' id='word_1_106' title='bbox 403 1202 481 1248; x_wconf 85' lang='lat' dir='ltr'>per</span> <span class='ocrx_word' id='word_1_107' title='bbox 507 1201 688 1232; x_wconf 85' lang='lat' dir='ltr'>omnem</span> <span class='ocrx_word' id='word_1_108' title='bbox 718 1184 860 1230; x_wconf 87' lang='lat' dir='ltr'>vitam</span> <span class='ocrx_word' id='word_1_109' title='bbox 893 1179 1174 1235; x_wconf 86' lang='lat' dir='ltr'>servabatur,</span> <span class='ocrx_word' id='word_1_110' title='bbox 1201 1176 1275 1223; x_wconf 86' lang='lat' dir='ltr'>seu</span> <span class='ocrx_word' id='word_1_111' title='bbox 1298 1190 1415 1223; x_wconf 73' lang='lat' dir='ltr'>con-</span> 
     </span>
     <span class='ocr_line' id='line_1_16' title="bbox 137 1251 1418 1326; baseline -0.012 -13"><span class='ocrx_word' id='word_1_112' title='bbox 137 1267 283 1324; x_wconf 70' lang='lat' dir='ltr'>fulto,</span> <span class='ocrx_word' id='word_1_113' title='bbox 317 1264 390 1312; x_wconf 82' lang='lat' dir='ltr'>seu</span> <span class='ocrx_word' id='word_1_114' title='bbox 425 1277 612 1322; x_wconf 83' lang='lat' dir='ltr'>temere,</span> <span class='ocrx_word' id='word_1_115' title='bbox 648 1262 843 1326; x_wconf 75' lang='lat' dir='ltr'>vulgatae</span> <span class='ocrx_word' id='word_1_116' title='bbox 874 1255 1085 1321; x_wconf 88' lang='lat' dir='ltr'>opinioni</span> <span class='ocrx_word' id='word_1_117' title='bbox 1124 1253 1257 1301; x_wconf 83' lang='lat' dir='ltr'>fidem</span> <span class='ocrx_word' id='word_1_118' title='bbox 1294 1251 1418 1316; x_wconf 79' lang='lat' dir='ltr'>apud-</span> 
     </span>
     <span class='ocr_line' id='line_1_17' title="bbox 138 1321 1446 1402; baseline -0.012 -17"><span class='ocrx_word' id='word_1_119' title='bbox 138 1338 353 1402; x_wconf 86' lang='lat' dir='ltr'>quosdam</span> <span class='ocrx_word' id='word_1_120' title='bbox 371 1336 503 1396; x_wconf 86' lang='lat' dir='ltr'>fecit,</span> <span class='ocrx_word' id='word_1_121' title='bbox 522 1335 663 1398; x_wconf 87' lang='lat' dir='ltr'>stirpis</span> <span class='ocrx_word' id='word_1_122' title='bbox 682 1351 782 1382; x_wconf 88' lang='lat' dir='ltr'>eum</span> <span class='ocrx_word' id='word_1_123' title='bbox 799 1332 970 1380; x_wconf 81' lang='lat' dir='ltr'>divinae</span> <span class='ocrx_word' id='word_1_124' title='bbox 991 1327 1272 1383; x_wconf 76' lang='lat' dir='ltr'>virumefl&#39;e3</span> <span class='ocrx_word' id='word_1_125' title='bbox 1291 1321 1415 1371; x_wconf 72' lang='lat' dir='ltr'>retu‹¹</span> <span class='ocrx_word' id='word_1_126' title='bbox 1441 1328 1446 1333; x_wconf 74' lang='grc'><strong>“</strong></span> 
     </span>
     <span class='ocr_line' id='line_1_18' title="bbox 137 1401 1416 1474; baseline -0.01 -16"><span class='ocrx_word' id='word_1_127' title='bbox 137 1411 275 1474; x_wconf 83' lang='lat' dir='ltr'>litque</span> <span class='ocrx_word' id='word_1_128' title='bbox 293 1410 454 1457; x_wconf 82' lang='lat' dir='ltr'>famam</span> <span class='ocrx_word' id='word_1_129' title='bbox 466 1446 479 1468; x_wconf 84' lang='lat'>‚</span> <span class='ocrx_word' id='word_1_130' title='bbox 494 1410 541 1457; x_wconf 82' lang='lat' dir='ltr'>‘m</span> <span class='ocrx_word' id='word_1_131' title='bbox 558 1407 814 1455; x_wconf 84' lang='lat' dir='ltr'>Alexandro</span> <span class='ocrx_word' id='word_1_132' title='bbox 833 1406 1003 1467; x_wconf 80' lang='lat' dir='ltr'>Magno</span> <span class='ocrx_word' id='word_1_133' title='bbox 1025 1401 1146 1466; x_wconf 83' lang='lat' dir='ltr'>prius</span> <span class='ocrx_word' id='word_1_134' title='bbox 1160 1401 1416 1464; x_wconf 70' lang='lat' dir='ltr'>vulgatam,</span> 
     </span>
     <span class='ocr_line' id='line_1_19' title="bbox 139 1475 1415 1543; baseline -0.006 -15"><span class='ocrx_word' id='word_1_135' title='bbox 139 1484 191 1528; x_wconf 54' lang='grc' dir='ltr'>ὃς</span> <span class='ocrx_word' id='word_1_136' title='bbox 216 1480 413 1543; x_wconf 84' lang='lat' dir='ltr'>vanitate</span> <span class='ocrx_word' id='word_1_137' title='bbox 441 1482 490 1527; x_wconf 66' lang='grc' dir='ltr'>δέ</span> <span class='ocrx_word' id='word_1_138' title='bbox 520 1478 667 1525; x_wconf 86' lang='lat' dir='ltr'>fabula</span> <span class='ocrx_word' id='word_1_139' title='bbox 694 1492 872 1540; x_wconf 83' lang='lat' dir='ltr'>parem,</span> <span class='ocrx_word' id='word_1_140' title='bbox 891 1475 1045 1538; x_wconf 82' lang='lat' dir='ltr'>anguis</span> <span class='ocrx_word' id='word_1_141' title='bbox 1067 1475 1271 1521; x_wconf 84' lang='lat' dir='ltr'>immanis</span> <span class='ocrx_word' id='word_1_142' title='bbox 1296 1491 1415 1521; x_wconf 53' lang='lat' dir='ltr'>con»</span> 
     </span>
     <span class='ocr_line' id='line_1_20' title="bbox 137 1546 1415 1614; baseline -0.006 -15"><span class='ocrx_word' id='word_1_143' title='bbox 137 1553 293 1602; x_wconf 76' lang='lat' dir='ltr'>cubitu</span> <span class='ocrx_word' id='word_1_144' title='bbox 312 1564 583 1614; x_wconf 87' lang='lat' dir='ltr'>concep-tum</span> <span class='ocrx_word' id='word_1_145' title='bbox 596 1586 610 1610; x_wconf 93' lang='lat'>,</span> <span class='ocrx_word' id='word_1_146' title='bbox 631 1551 682 1597; x_wconf 87' lang='lat'>&amp;</span> <span class='ocrx_word' id='word_1_147' title='bbox 708 1549 756 1596; x_wconf 87' lang='lat' dir='ltr'>in</span> <span class='ocrx_word' id='word_1_148' title='bbox 777 1547 989 1595; x_wconf 83' lang='lat' dir='ltr'>cubiculo</span> <span class='ocrx_word' id='word_1_149' title='bbox 1011 1546 1163 1594; x_wconf 84' lang='lat' dir='ltr'>matris</span> <span class='ocrx_word' id='word_1_150' title='bbox 1188 1546 1281 1608; x_wconf 85' lang='lat' dir='ltr'>ejus</span> <span class='ocrx_word' id='word_1_151' title='bbox 1307 1561 1415 1609; x_wconf 68' lang='lat' dir='ltr'>per--⁴</span> 
     </span>
     <span class='ocr_line' id='line_1_21' title="bbox 138 1618 1418 1689; baseline -0.007 -16"><span class='ocrx_word' id='word_1_152' title='bbox 138 1626 250 1689; x_wconf 80' lang='lat' dir='ltr'>saepe</span> <span class='ocrx_word' id='word_1_153' title='bbox 264 1625 404 1674; x_wconf 85' lang='lat' dir='ltr'>visam</span> <span class='ocrx_word' id='word_1_154' title='bbox 423 1623 615 1687; x_wconf 84' lang='lat' dir='ltr'>prodigii</span> <span class='ocrx_word' id='word_1_155' title='bbox 631 1621 724 1684; x_wconf 79' lang='lat' dir='ltr'>ejus</span> <span class='ocrx_word' id='word_1_156' title='bbox 741 1619 928 1684; x_wconf 83' lang='lat' dir='ltr'>speciem</span> <span class='ocrx_word' id='word_1_157' title='bbox 939 1619 1318 1682; x_wconf 85' lang='lat' dir='ltr'>‚interventuque</span> <span class='ocrx_word' id='word_1_158' title='bbox 1331 1618 1418 1664; x_wconf 80' lang='lat' dir='ltr'>ho=·</span> 
     </span>
     <span class='ocr_line' id='line_1_22' title="bbox 138 1692 1418 1760; baseline -0.008 -10"><span class='ocrx_word' id='word_1_159' title='bbox 138 1703 311 1750; x_wconf 86' lang='lat' dir='ltr'>minum</span> <span class='ocrx_word' id='word_1_160' title='bbox 338 1699 570 1748; x_wconf 86' lang='lat' dir='ltr'>evolutam</span> <span class='ocrx_word' id='word_1_161' title='bbox 587 1709 768 1760; x_wconf 80' lang='lat' dir='ltr'>repente</span> <span class='ocrx_word' id='word_1_162' title='bbox 783 1732 798 1754; x_wconf 94' lang='lat'>,</span> <span class='ocrx_word' id='word_1_163' title='bbox 823 1707 954 1758; x_wconf 86' lang='lat' dir='ltr'>atque</span> <span class='ocrx_word' id='word_1_164' title='bbox 971 1711 1026 1741; x_wconf 74' lang='lat' dir='ltr'>ex</span> <span class='ocrx_word' id='word_1_165' title='bbox 1041 1693 1188 1741; x_wconf 81' lang='lat' dir='ltr'>oculis</span> <span class='ocrx_word' id='word_1_166' title='bbox 1206 1692 1418 1755; x_wconf 70' lang='lat' dir='ltr'>elapsam,</span> 
     </span>
     <span class='ocr_line' id='line_1_23' title="bbox 141 1764 1418 1836; baseline -0.009 -12"><span class='ocrx_word' id='word_1_167' title='bbox 141 1777 224 1824; x_wconf 90' lang='lat' dir='ltr'>His</span> <span class='ocrx_word' id='word_1_168' title='bbox 251 1773 476 1823; x_wconf 85' lang='lat' dir='ltr'>miraculis</span> <span class='ocrx_word' id='word_1_169' title='bbox 499 1788 732 1836; x_wconf 86' lang='lat' dir='ltr'>nunquam</span> <span class='ocrx_word' id='word_1_170' title='bbox 754 1770 810 1817; x_wconf 86' lang='lat' dir='ltr'>ab</span> <span class='ocrx_word' id='word_1_171' title='bbox 827 1769 924 1832; x_wconf 89' lang='lat' dir='ltr'>ipso</span> <span class='ocrx_word' id='word_1_172' title='bbox 941 1767 1058 1815; x_wconf 86' lang='lat' dir='ltr'>elusa</span> <span class='ocrx_word' id='word_1_173' title='bbox 1075 1766 1182 1814; x_wconf 83' lang='lat' dir='ltr'>fides</span> <span class='ocrx_word' id='word_1_174' title='bbox 1196 1765 1256 1813; x_wconf 86' lang='lat' dir='ltr'>est</span> <span class='ocrx_word' id='word_1_175' title='bbox 1273 1784 1284 1813; x_wconf 79' lang='lat'>2</span> <span class='ocrx_word' id='word_1_176' title='bbox 1304 1764 1418 1828; x_wconf 77' lang='lat' dir='ltr'>quin.</span> 
     </span>
     <span class='ocr_line' id='line_1_24' title="bbox 139 1838 1417 1914; baseline -0.011 -17"><span class='ocrx_word' id='word_1_177' title='bbox 139 1849 292 1914; x_wconf 85' lang='lat' dir='ltr'>potius</span> <span class='ocrx_word' id='word_1_178' title='bbox 313 1848 438 1895; x_wconf 60' lang='lat' dir='ltr'>aucta</span> <span class='ocrx_word' id='word_1_179' title='bbox 466 1858 557 1893; x_wconf 88' lang='lat' dir='ltr'>arte</span> <span class='ocrx_word' id='word_1_180' title='bbox 585 1845 802 1910; x_wconf 83' lang='lat' dir='ltr'>quadam,</span> <span class='ocrx_word' id='word_1_181' title='bbox 819 1859 902 1890; x_wconf 90' lang='lat' dir='ltr'>nec</span> <span class='ocrx_word' id='word_1_182' title='bbox 921 1841 1144 1907; x_wconf 82' lang='lat' dir='ltr'>abnuendi</span> <span class='ocrx_word' id='word_1_183' title='bbox 1171 1839 1256 1887; x_wconf 87' lang='lat' dir='ltr'>tale</span> <span class='ocrx_word' id='word_1_184' title='bbox 1286 1838 1417 1901; x_wconf 84' lang='lat' dir='ltr'>quid-</span> 
     </span>
     <span class='ocr_line' id='line_1_25' title="bbox 140 1910 1422 1986; baseline -0.012 -16"><span class='ocrx_word' id='word_1_185' title='bbox 140 1939 303 1986; x_wconf 80' lang='lat' dir='ltr'>quam,</span> <span class='ocrx_word' id='word_1_186' title='bbox 335 1937 418 1967; x_wconf 91' lang='lat' dir='ltr'>nec</span> <span class='ocrx_word' id='word_1_187' title='bbox 451 1918 595 1982; x_wconf 87' lang='lat' dir='ltr'>palam</span> <span class='ocrx_word' id='word_1_188' title='bbox 628 1916 888 1964; x_wconf 86' lang='lat' dir='ltr'>affirmandi.</span> <span class='ocrx_word' id='word_1_189' title='bbox 925 1915 1070 1961; x_wconf 88' lang='lat' dir='ltr'>Multa</span> <span class='ocrx_word' id='word_1_190' title='bbox 1105 1913 1188 1959; x_wconf 80' lang='lat' dir='ltr'>alia</span> <span class='ocrx_word' id='word_1_191' title='bbox 1222 1910 1422 1972; x_wconf 76' lang='lat' dir='ltr'>ejusdem</span> 
     </span>
     <span class='ocr_line' id='line_1_26' title="bbox 141 1982 1421 2058; baseline -0.011 -17"><span class='ocrx_word' id='word_1_192' title='bbox 141 1993 343 2058; x_wconf 71' lang='lat' dir='ltr'>generis,</span> <span class='ocrx_word' id='word_1_193' title='bbox 361 1991 444 2038; x_wconf 86' lang='lat' dir='ltr'>alia</span> <span class='ocrx_word' id='word_1_194' title='bbox 465 2007 596 2048; x_wconf 81' lang='lat' dir='ltr'>vera,</span> <span class='ocrx_word' id='word_1_195' title='bbox 614 1989 698 2036; x_wconf 89' lang='lat' dir='ltr'>alia</span> <span class='ocrx_word' id='word_1_196' title='bbox 721 1988 984 2046; x_wconf 69' lang='lat' dir='ltr'>assimulata,</span> <span class='ocrx_word' id='word_1_197' title='bbox 1004 1982 1309 2032; x_wconf 82' lang='lat' dir='ltr'>admirationis</span> <span class='ocrx_word' id='word_1_198' title='bbox 1329 1982 1421 2028; x_wconf 84' lang='lat' dir='ltr'>hu·-</span> 
     </span>
     <span class='ocr_line' id='line_1_27' title="bbox 142 2054 1418 2126; baseline -0.009 -13"><span class='ocrx_word' id='word_1_199' title='bbox 142 2083 286 2113; x_wconf 82' lang='lat' dir='ltr'>manae</span> <span class='ocrx_word' id='word_1_200' title='bbox 306 2065 353 2113; x_wconf 87' lang='lat' dir='ltr'>in</span> <span class='ocrx_word' id='word_1_201' title='bbox 371 2080 428 2110; x_wconf 92' lang='lat' dir='ltr'>eo</span> <span class='ocrx_word' id='word_1_202' title='bbox 444 2063 610 2126; x_wconf 78' lang='lat' dir='ltr'>juvene</span> <span class='ocrx_word' id='word_1_203' title='bbox 627 2060 898 2108; x_wconf 70' lang='lat' dir='ltr'>excesserant</span> <span class='ocrx_word' id='word_1_204' title='bbox 914 2059 1099 2105; x_wconf 88' lang='lat' dir='ltr'>modum</span> <span class='ocrx_word' id='word_1_205' title='bbox 1118 2075 1128 2104; x_wconf 94' lang='lat'>:</span> <span class='ocrx_word' id='word_1_206' title='bbox 1148 2056 1310 2120; x_wconf 86' lang='lat' dir='ltr'>quibus</span> <span class='ocrx_word' id='word_1_207' title='bbox 1328 2054 1418 2102; x_wconf 80' lang='lat' dir='ltr'>fre-</span> 
     </span>
     <span class='ocr_line' id='line_1_28' title="bbox 142 2135 1422 2198; baseline -0.009 -11"><span class='ocrx_word' id='word_1_208' title='bbox 142 2152 187 2187; x_wconf 79' lang='lat' dir='ltr'>ta</span> <span class='ocrx_word' id='word_1_209' title='bbox 207 2152 314 2186; x_wconf 89' lang='lat' dir='ltr'>tunc</span> <span class='ocrx_word' id='word_1_210' title='bbox 336 2137 523 2195; x_wconf 82' lang='lat' dir='ltr'>civitas,</span> <span class='ocrx_word' id='word_1_211' title='bbox 542 2135 660 2182; x_wconf 84' lang='lat' dir='ltr'>aetati</span> <span class='ocrx_word' id='word_1_212' title='bbox 679 2135 1019 2198; x_wconf 81' lang='lat' dir='ltr'>haudquaquam</span> <span class='ocrx_word' id='word_1_213' title='bbox 1042 2147 1228 2178; x_wconf 82' lang='lat' dir='ltr'>maturae</span> <span class='ocrx_word' id='word_1_214' title='bbox 1250 2141 1422 2176; x_wconf 82' lang='lat' dir='ltr'>tantam.</span> 
     </span>
     <span class='ocr_line' id='line_1_29' title="bbox 143 2201 1423 2271; baseline -0.009 -12"><span class='ocrx_word' id='word_1_215' title='bbox 143 2212 312 2260; x_wconf 87' lang='lat' dir='ltr'>molem</span> <span class='ocrx_word' id='word_1_216' title='bbox 345 2227 518 2268; x_wconf 85' lang='lat' dir='ltr'>rerum,</span> <span class='ocrx_word' id='word_1_217' title='bbox 548 2220 809 2271; x_wconf 88' lang='lat' dir='ltr'>tantumque</span> <span class='ocrx_word' id='word_1_218' title='bbox 837 2205 1073 2269; x_wconf 88' lang='lat' dir='ltr'>imperium</span> <span class='ocrx_word' id='word_1_219' title='bbox 1100 2202 1309 2267; x_wconf 77' lang='lat' dir='ltr'>permisit.</span> <span class='ocrx_word' id='word_1_220' title='bbox 1345 2201 1423 2248; x_wconf 69' lang='lat' dir='ltr'>Ad·</span> 
     </span>
     <span class='ocr_line' id='line_1_30' title="bbox 146 2273 1424 2347; baseline -0.011 -16"><span class='ocrx_word' id='word_1_221' title='bbox 146 2301 219 2331; x_wconf 88' lang='lat' dir='ltr'>eas</span> <span class='ocrx_word' id='word_1_222' title='bbox 247 2283 424 2347; x_wconf 79' lang='lat' dir='ltr'>copias,</span> <span class='ocrx_word' id='word_1_223' title='bbox 446 2298 555 2344; x_wconf 87' lang='lat' dir='ltr'>quas</span> <span class='ocrx_word' id='word_1_224' title='bbox 582 2296 639 2327; x_wconf 84' lang='lat' dir='ltr'>ex</span> <span class='ocrx_word' id='word_1_225' title='bbox 658 2291 810 2328; x_wconf 83' lang='lat' dir='ltr'>vetere</span> <span class='ocrx_word' id='word_1_226' title='bbox 835 2279 1032 2327; x_wconf 81' lang='lat' dir='ltr'>exercitu</span> <span class='ocrx_word' id='word_1_227' title='bbox 1053 2274 1262 2339; x_wconf 87' lang='lat' dir='ltr'>Hispania</span> <span class='ocrx_word' id='word_1_228' title='bbox 1282 2273 1424 2319; x_wconf 83' lang='lat' dir='ltr'>habe-</span> 
     </span>
     <span class='ocr_line' id='line_1_31' title="bbox 145 2345 1423 2419; baseline -0.01 -17"><span class='ocrx_word' id='word_1_229' title='bbox 145 2357 222 2403; x_wconf 84' lang='lat' dir='ltr'>bat</span> <span class='ocrx_word' id='word_1_230' title='bbox 233 2392 249 2413; x_wconf 93' lang='lat'>,</span> <span class='ocrx_word' id='word_1_231' title='bbox 278 2370 466 2419; x_wconf 80' lang='lat' dir='ltr'>quaeque</span> <span class='ocrx_word' id='word_1_232' title='bbox 500 2371 524 2400; x_wconf 82' lang='lat' dir='ltr'>a</span> <span class='ocrx_word' id='word_1_233' title='bbox 556 2351 753 2400; x_wconf 88' lang='lat' dir='ltr'>Puteolis</span> <span class='ocrx_word' id='word_1_234' title='bbox 787 2369 890 2399; x_wconf 90' lang='lat' dir='ltr'>cum</span> <span class='ocrx_word' id='word_1_235' title='bbox 920 2352 974 2398; x_wconf 88' lang='lat' dir='ltr'>C.</span> <span class='ocrx_word' id='word_1_236' title='bbox 1009 2351 1194 2396; x_wconf 88' lang='lat' dir='ltr'>Nerone</span> <span class='ocrx_word' id='word_1_237' title='bbox 1225 2345 1423 2406; x_wconf 49' lang='lat' dir='ltr'>trajeci&amp;</span> 
     </span>
    </p>
   </div>
   <div class='ocr_carea' id='block_1_3' title="bbox 145 2414 1424 2555">
    <p class='ocr_par' dir='ltr' id='par_1_3' title="bbox 145 2414 1424 2555">
     <span class='ocr_line' id='line_1_32' title="bbox 145 2414 1424 2487; baseline -0.012 -11"><span class='ocrx_word' id='word_1_238' title='bbox 145 2438 297 2487; x_wconf 79' lang='lat' dir='ltr'>erant,</span> <span class='ocrx_word' id='word_1_239' title='bbox 327 2427 480 2476; x_wconf 86' lang='lat' dir='ltr'>decem</span> <span class='ocrx_word' id='word_1_240' title='bbox 508 2425 646 2474; x_wconf 86' lang='lat' dir='ltr'>millia</span> <span class='ocrx_word' id='word_1_241' title='bbox 676 2423 871 2477; x_wconf 84' lang='lat' dir='ltr'>militum</span> <span class='ocrx_word' id='word_1_242' title='bbox 903 2425 952 2472; x_wconf 71' lang='grc' dir='ltr'>δε</span> <span class='ocrx_word' id='word_1_243' title='bbox 984 2420 1105 2469; x_wconf 84' lang='lat' dir='ltr'>mille</span> <span class='ocrx_word' id='word_1_244' title='bbox 1142 2418 1315 2482; x_wconf 77' lang='lat' dir='ltr'>equites</span> <span class='ocrx_word' id='word_1_245' title='bbox 1345 2414 1424 2468; x_wconf 43' lang='lat' dir='ltr'>gd*</span> 
     </span>
     <span class='ocr_line' id='line_1_33' title="bbox 1058 2495 1160 2555; baseline -0.01 1"><span class='ocrx_word' id='word_1_246' title='bbox 1058 2495 1108 2541; x_wconf 84' lang='lat' dir='ltr'>X</span> <span class='ocrx_word' id='word_1_247' title='bbox 1139 2512 1160 2555; x_wconf 77' lang='lat'>3</span> 
     </span>
    </p>
   </div>
  </div>
 </body>
</html>
