<?xml version="1.0" encoding="UTF-8"?>
<!DOCTYPE html PUBLIC "-//W3C//DTD XHTML 1.0 Transitional//EN"
    "http://www.w3.org/TR/xhtml1/DTD/xhtml1-transitional.dtd">
<html xmlns="http://www.w3.org/1999/xhtml" xml:lang="en" lang="en">
 <head>
  <title>
</title>
<meta http-equiv="Content-Type" content="text/html;charset=utf-8" />
  <meta name='ocr-system' content='tesseract 3.04.00' />
  <meta name='ocr-capabilities' content='ocr_page ocr_carea ocr_par ocr_line ocrx_word'/>
</head>
<body>
  <div class='ocr_page' id='page_1' title='image "./historiarumlibri04livyuoft_0291.png"; bbox 0 0 1628 2890; ppageno 0'>
   <div class='ocr_carea' id='block_1_1' title="bbox 268 146 1385 198">
    <p class='ocr_par' dir='ltr' id='par_1_1' title="bbox 268 146 1385 198">
     <span class='ocr_line' id='line_1_1' title="bbox 268 146 1385 198; baseline 0 -1"><span class='ocrx_word' id='word_1_1' title='bbox 268 149 827 198; x_wconf 82' lang='lat' dir='ltr'><strong>HISTORIARUM</strong></span> <span class='ocrx_word' id='word_1_2' title='bbox 872 150 996 196; x_wconf 88' lang='lat' dir='ltr'><strong>LIB.</strong></span> <span class='ocrx_word' id='word_1_3' title='bbox 1040 146 1201 197; x_wconf 73' lang='lat' dir='ltr'><strong>XXV.</strong></span> <span class='ocrx_word' id='word_1_4' title='bbox 1301 150 1385 198; x_wconf 72' lang='lat'><strong>281</strong></span> 
     </span>
    </p>
   </div>
   <div class='ocr_carea' id='block_1_2' title="bbox 47 250 1436 1342">
    <p class='ocr_par' dir='ltr' id='par_1_2' title="bbox 47 250 1436 1342">
     <span class='ocr_line' id='line_1_2' title="bbox 110 250 1396 323; baseline -0.002 -17"><span class='ocrx_word' id='word_1_5' title='bbox 110 274 197 323; x_wconf 84' lang='lat' dir='ltr'><strong>que</strong></span> <span class='ocrx_word' id='word_1_6' title='bbox 222 256 483 306; x_wconf 75' lang='lat' dir='ltr'><strong>occurrisset</strong></span> <span class='ocrx_word' id='word_1_7' title='bbox 512 250 648 314; x_wconf 82' lang='lat' dir='ltr'><strong>loco,</strong></span> <span class='ocrx_word' id='word_1_8' title='bbox 675 257 889 320; x_wconf 87' lang='lat' dir='ltr'><strong>proelium</strong></span> <span class='ocrx_word' id='word_1_9' title='bbox 919 256 1186 304; x_wconf 82' lang='lat' dir='ltr'><strong>consereret.</strong></span> <span class='ocrx_word' id='word_1_10' title='bbox 1221 256 1396 304; x_wconf 63' lang='lat' dir='ltr'><strong>Reliflo</strong></span> 
     </span>
     <span class='ocr_line' id='line_1_3' title="bbox 110 329 1398 395; baseline 0.001 -17"><span class='ocrx_word' id='word_1_11' title='bbox 110 330 249 395; x_wconf 83' lang='lat' dir='ltr'><strong>igitur</strong></span> <span class='ocrx_word' id='word_1_12' title='bbox 270 331 455 379; x_wconf 87' lang='lat' dir='ltr'><strong>modico</strong></span> <span class='ocrx_word' id='word_1_13' title='bbox 486 330 691 394; x_wconf 74' lang='lat' dir='ltr'><strong>praesidio</strong></span> <span class='ocrx_word' id='word_1_14' title='bbox 724 329 769 375; x_wconf 90' lang='lat' dir='ltr'><strong>in</strong></span> <span class='ocrx_word' id='word_1_15' title='bbox 795 330 969 388; x_wconf 80' lang='lat' dir='ltr'><strong>castris,</strong></span> <span class='ocrx_word' id='word_1_16' title='bbox 991 329 1324 394; x_wconf 82' lang='lat' dir='ltr'><strong>praepositoque</strong></span> <span class='ocrx_word' id='word_1_17' title='bbox 1340 332 1398 379; x_wconf 71' lang='lat' dir='ltr'><strong>T.‘</strong></span> 
     </span>
     <span class='ocr_line' id='line_1_4' title="bbox 111 401 1396 467; baseline -0.001 -17"><span class='ocrx_word' id='word_1_18' title='bbox 111 402 304 464; x_wconf 68' lang='lat' dir='ltr'><strong>Fonteio</strong></span> <span class='ocrx_word' id='word_1_19' title='bbox 339 403 483 467; x_wconf 85' lang='lat' dir='ltr'><strong>legato</strong></span> <span class='ocrx_word' id='word_1_20' title='bbox 503 438 516 461; x_wconf 88' lang='lat'>,</span> <span class='ocrx_word' id='word_1_21' title='bbox 553 402 695 448; x_wconf 84' lang='lat' dir='ltr'><strong>media</strong></span> <span class='ocrx_word' id='word_1_22' title='bbox 729 402 859 448; x_wconf 60' lang='lat' dir='ltr'><strong>nocte</strong></span> <span class='ocrx_word' id='word_1_23' title='bbox 887 401 1143 464; x_wconf 67' lang='lat' dir='ltr'><strong>profe&amp;us‚</strong></span> <span class='ocrx_word' id='word_1_24' title='bbox 1178 419 1279 449; x_wconf 87' lang='lat' dir='ltr'><strong>cum</strong></span> <span class='ocrx_word' id='word_1_25' title='bbox 1307 402 1396 450; x_wconf 90' lang='lat' dir='ltr'><strong>ob-</strong></span> 
     </span>
     <span class='ocr_line' id='line_1_5' title="bbox 111 473 1396 540; baseline -0.002 -15"><span class='ocrx_word' id='word_1_26' title='bbox 111 477 199 525; x_wconf 84' lang='lat' dir='ltr'><strong>viis</strong></span> <span class='ocrx_word' id='word_1_27' title='bbox 213 476 413 524; x_wconf 82' lang='lat' dir='ltr'><strong>hostibus</strong></span> <span class='ocrx_word' id='word_1_28' title='bbox 433 490 587 524; x_wconf 84' lang='lat' dir='ltr'><strong>manus</strong></span> <span class='ocrx_word' id='word_1_29' title='bbox 609 473 848 522; x_wconf 81' lang='lat' dir='ltr'>conseruit.</span> <span class='ocrx_word' id='word_1_30' title='bbox 873 475 1062 539; x_wconf 78' lang='lat' dir='ltr'>Agmina</span> <span class='ocrx_word' id='word_1_31' title='bbox 1079 476 1216 539; x_wconf 82' lang='lat' dir='ltr'><strong>magis</strong></span> <span class='ocrx_word' id='word_1_32' title='bbox 1230 511 1242 533; x_wconf 89' lang='lat'>,</span> <span class='ocrx_word' id='word_1_33' title='bbox 1263 493 1396 540; x_wconf 85' lang='lat' dir='ltr'><strong>quam</strong></span> 
     </span>
     <span class='ocr_line' id='line_1_6' title="bbox 109 548 1398 614; baseline -0.002 -16"><span class='ocrx_word' id='word_1_34' title='bbox 109 551 256 609; x_wconf 82' lang='lat' dir='ltr'><strong>acies,</strong></span> <span class='ocrx_word' id='word_1_35' title='bbox 292 550 581 614; x_wconf 75' lang='lat' dir='ltr'>pugnabant:</span> <span class='ocrx_word' id='word_1_36' title='bbox 614 548 820 612; x_wconf 84' lang='lat' dir='ltr'>superior</span> <span class='ocrx_word' id='word_1_37' title='bbox 852 560 1030 607; x_wconf 86' lang='lat' dir='ltr'><strong>tamen,</strong></span> <span class='ocrx_word' id='word_1_38' title='bbox 1064 563 1115 596; x_wconf 84' lang='lat' dir='ltr'><strong>ut</strong></span> <span class='ocrx_word' id='word_1_39' title='bbox 1143 551 1189 595; x_wconf 87' lang='lat' dir='ltr'><strong>in</strong></span> <span class='ocrx_word' id='word_1_40' title='bbox 1224 550 1398 597; x_wconf 86' lang='lat' dir='ltr'><strong>tumul-</strong></span> 
     </span>
     <span class='ocr_line' id='line_1_7' title="bbox 112 623 1398 688; baseline 0.001 -18"><span class='ocrx_word' id='word_1_41' title='bbox 112 625 254 672; x_wconf 81' lang='lat' dir='ltr'><strong>tuaria</strong></span> <span class='ocrx_word' id='word_1_42' title='bbox 287 642 468 688; x_wconf 84' lang='lat' dir='ltr'><strong>pugna,</strong></span> <span class='ocrx_word' id='word_1_43' title='bbox 503 624 735 669; x_wconf 87' lang='lat' dir='ltr'><strong>Romanus</strong></span> <span class='ocrx_word' id='word_1_44' title='bbox 767 635 874 669; x_wconf 86' lang='lat' dir='ltr'><strong>erat.</strong></span> <span class='ocrx_word' id='word_1_45' title='bbox 911 635 1109 686; x_wconf 86' lang='lat' dir='ltr'><strong>ceterum</strong></span> <span class='ocrx_word' id='word_1_46' title='bbox 1146 624 1195 670; x_wconf 87' lang='lat'>&amp;</span> <span class='ocrx_word' id='word_1_47' title='bbox 1227 623 1398 686; x_wconf 82' lang='lat' dir='ltr'>equites</span> 
     </span>
     <span class='ocr_line' id='line_1_8' title="bbox 113 694 1396 761; baseline -0.002 -17"><span class='ocrx_word' id='word_1_48' title='bbox 113 699 322 744; x_wconf 82' lang='lat' dir='ltr'><strong>Numidae</strong></span> <span class='ocrx_word' id='word_1_49' title='bbox 342 709 552 761; x_wconf 82' lang='lat' dir='ltr'><strong>repente,</strong></span> <span class='ocrx_word' id='word_1_50' title='bbox 582 713 677 758; x_wconf 83' lang='lat' dir='ltr'><strong>quo</strong></span> <span class='ocrx_word' id='word_1_51' title='bbox 705 694 904 741; x_wconf 71' lang='lat' dir='ltr'><strong>fefellisse</strong></span> <span class='ocrx_word' id='word_1_52' title='bbox 932 695 972 741; x_wconf 93' lang='lat' dir='ltr'><strong>se</strong></span> <span class='ocrx_word' id='word_1_53' title='bbox 1003 696 1093 741; x_wconf 83' lang='lat' dir='ltr'><strong>dux</strong></span> <span class='ocrx_word' id='word_1_54' title='bbox 1128 710 1248 743; x_wconf 84' lang='lat' dir='ltr'><strong>ratus</strong></span> <span class='ocrx_word' id='word_1_55' title='bbox 1281 708 1396 755; x_wconf 87' lang='lat' dir='ltr'><strong>erat,</strong></span> 
     </span>
     <span class='ocr_line' id='line_1_9' title="bbox 112 767 1436 833; baseline -0.002 -15"><span class='ocrx_word' id='word_1_56' title='bbox 112 772 169 818; x_wconf 77' lang='lat' dir='ltr'><strong>ab</strong></span> <span class='ocrx_word' id='word_1_57' title='bbox 189 770 398 817; x_wconf 79' lang='lat' dir='ltr'><strong>lateribus</strong></span> <span class='ocrx_word' id='word_1_58' title='bbox 419 767 700 825; x_wconf 69' lang='lat' dir='ltr'><strong>circumfusi,</strong></span> <span class='ocrx_word' id='word_1_59' title='bbox 719 784 932 831; x_wconf 82' lang='lat' dir='ltr'><strong>magnum</strong></span> <span class='ocrx_word' id='word_1_60' title='bbox 950 778 1169 814; x_wconf 87' lang='lat' dir='ltr'><strong>terrorem</strong></span> <span class='ocrx_word' id='word_1_61' title='bbox 1193 768 1399 833; x_wconf 61' lang='lat' dir='ltr'><strong>intulere.</strong></span> <span class='ocrx_word' id='word_1_62' title='bbox 1428 772 1436 782; x_wconf 80' lang='grc'><em>“</em></span> 
     </span>
     <span class='ocr_line' id='line_1_10' title="bbox 112 841 1397 900; baseline 0 -10"><span class='ocrx_word' id='word_1_63' title='bbox 112 845 361 892; x_wconf 61' lang='grc' dir='ltr'><strong>(Ξοηῐι-εξὶο</strong></span> <span class='ocrx_word' id='word_1_64' title='bbox 391 841 600 890; x_wconf 82' lang='lat' dir='ltr'><strong>adversus</strong></span> <span class='ocrx_word' id='word_1_65' title='bbox 625 841 842 888; x_wconf 85' lang='lat' dir='ltr'><strong>Numidas</strong></span> <span class='ocrx_word' id='word_1_66' title='bbox 863 841 1108 888; x_wconf 81' lang='lat' dir='ltr'>certamine</span> <span class='ocrx_word' id='word_1_67' title='bbox 1128 860 1283 900; x_wconf 86' lang='lat' dir='ltr'><strong>novo,</strong></span> <span class='ocrx_word' id='word_1_68' title='bbox 1308 855 1397 890; x_wconf 89' lang='lat' dir='ltr'><strong>ter·</strong></span> 
     </span>
     <span class='ocr_line' id='line_1_11' title="bbox 112 912 1431 982; baseline 0 -19"><span class='ocrx_word' id='word_1_69' title='bbox 112 917 200 982; x_wconf 72' lang='lat' dir='ltr'><strong>tius</strong></span> <span class='ocrx_word' id='word_1_70' title='bbox 219 917 397 981; x_wconf 79' lang='lat' dir='ltr'><strong>insuper</strong></span> <span class='ocrx_word' id='word_1_71' title='bbox 422 915 607 965; x_wconf 84' lang='lat' dir='ltr'><strong>advenit</strong></span> <span class='ocrx_word' id='word_1_72' title='bbox 635 913 799 972; x_wconf 80' lang='lat' dir='ltr'><strong>hostis,</strong></span> <span class='ocrx_word' id='word_1_73' title='bbox 825 914 961 962; x_wconf 84' lang='lat' dir='ltr'><strong>duces</strong></span> <span class='ocrx_word' id='word_1_74' title='bbox 981 914 1114 961; x_wconf 82' lang='lat' dir='ltr'><strong>Poeni</strong></span> <span class='ocrx_word' id='word_1_75' title='bbox 1135 915 1315 962; x_wconf 82' lang='lat' dir='ltr'><strong>affecuti</strong></span> <span class='ocrx_word' id='word_1_76' title='bbox 1342 916 1398 963; x_wconf 82' lang='lat' dir='ltr'><strong>ab</strong></span> <span class='ocrx_word' id='word_1_77' title='bbox 1426 912 1431 916; x_wconf 42' lang='lat'><strong>¹</strong></span> 
     </span>
     <span class='ocr_line' id='line_1_12' title="bbox 47 984 1399 1053; baseline -0.001 -17"><span class='ocrx_word' id='word_1_78' title='bbox 47 990 56 994; x_wconf 67' lang='grc'><strong>“</strong></span> <span class='ocrx_word' id='word_1_79' title='bbox 112 1002 244 1053; x_wconf 81' lang='lat' dir='ltr'><strong>tergo</strong></span> <span class='ocrx_word' id='word_1_80' title='bbox 262 989 349 1051; x_wconf 83' lang='lat' dir='ltr'><strong>jam</strong></span> <span class='ocrx_word' id='word_1_81' title='bbox 371 999 619 1052; x_wconf 80' lang='lat' dir='ltr'><strong>pugnantes</strong></span> <span class='ocrx_word' id='word_1_82' title='bbox 636 1003 647 1033; x_wconf 75' lang='grc' dir='ltr'><strong><em>ε</em></strong></span> <span class='ocrx_word' id='word_1_83' title='bbox 664 985 912 1048; x_wconf 77' lang='lat' dir='ltr'><strong>ancepsque</strong></span> <span class='ocrx_word' id='word_1_84' title='bbox 931 984 1143 1047; x_wconf 77' lang='lat' dir='ltr'><strong>proelium</strong></span> <span class='ocrx_word' id='word_1_85' title='bbox 1164 987 1399 1034; x_wconf 77' lang='lat' dir='ltr'><strong>Romanos</strong></span> 
     </span>
     <span class='ocr_line' id='line_1_13' title="bbox 114 1057 1399 1125; baseline -0.004 -16"><span class='ocrx_word' id='word_1_86' title='bbox 114 1062 487 1119; x_wconf 83' lang='lat' dir='ltr'><strong>circumsteterat,</strong></span> <span class='ocrx_word' id='word_1_87' title='bbox 517 1061 715 1107; x_wconf 82' lang='lat' dir='ltr'><strong>incertos</strong></span> <span class='ocrx_word' id='word_1_88' title='bbox 749 1058 810 1105; x_wconf 74' lang='lat' dir='ltr'><strong>in·</strong></span> <span class='ocrx_word' id='word_1_89' title='bbox 831 1075 962 1122; x_wconf 86' lang='lat' dir='ltr'><strong>quem</strong></span> <span class='ocrx_word' id='word_1_90' title='bbox 1001 1057 1276 1119; x_wconf 70' lang='lat' dir='ltr'><strong>potissimum</strong></span> <span class='ocrx_word' id='word_1_91' title='bbox 1311 1060 1399 1125; x_wconf 53' lang='lat' dir='ltr'><strong>hoj-</strong></span> 
     </span>
     <span class='ocr_line' id='line_1_14' title="bbox 113 1122 1400 1198; baseline -0.002 -16"><span class='ocrx_word' id='word_1_92' title='bbox 113 1135 247 1193; x_wconf 82' lang='lat' dir='ltr'><strong>stem,</strong></span> <span class='ocrx_word' id='word_1_93' title='bbox 265 1134 529 1198; x_wconf 65' lang='lat' dir='ltr'><strong>quamvein</strong></span> <span class='ocrx_word' id='word_1_94' title='bbox 559 1145 730 1196; x_wconf 86' lang='lat' dir='ltr'><strong>partem</strong></span> <span class='ocrx_word' id='word_1_95' title='bbox 756 1131 951 1179; x_wconf 87' lang='lat' dir='ltr'><strong>conferti</strong></span> <span class='ocrx_word' id='word_1_96' title='bbox 973 1131 1257 1193; x_wconf 85' lang='lat' dir='ltr'><strong>erup-tionem</strong></span> <span class='ocrx_word' id='word_1_97' title='bbox 1277 1122 1400 1180; x_wconf 61' lang='lat' dir='ltr'><strong>facti-</strong></span> 
     </span>
     <span class='ocr_line' id='line_1_15' title="bbox 114 1199 1400 1272; baseline -0.002 -16"><span class='ocrx_word' id='word_1_98' title='bbox 114 1221 228 1256; x_wconf 86' lang='lat' dir='ltr'><strong>rent.</strong></span> <span class='ocrx_word' id='word_1_99' title='bbox 259 1208 480 1272; x_wconf 79' lang='lat' dir='ltr'><strong>pugnanti</strong></span> <span class='ocrx_word' id='word_1_100' title='bbox 509 1205 796 1268; x_wconf 78' lang='lat' dir='ltr'><strong>hortantique</strong></span> <span class='ocrx_word' id='word_1_101' title='bbox 827 1204 1087 1267; x_wconf 83' lang='lat' dir='ltr'><strong>imperatori</strong></span> <span class='ocrx_word' id='word_1_102' title='bbox 1112 1207 1161 1265; x_wconf 69' lang='grc' dir='ltr'><strong>ὃς</strong></span> <span class='ocrx_word' id='word_1_103' title='bbox 1188 1199 1400 1254; x_wconf 71' lang='lat' dir='ltr'><strong>offerenti</strong></span> 
     </span>
     <span class='ocr_line' id='line_1_16' title="bbox 112 1277 1398 1342; baseline -0.001 -16"><span class='ocrx_word' id='word_1_104' title='bbox 112 1278 182 1337; x_wconf 88' lang='lat' dir='ltr'><strong>se,</strong></span> <span class='ocrx_word' id='word_1_105' title='bbox 209 1279 285 1326; x_wconf 84' lang='lat' dir='ltr'><strong>ubi</strong></span> <span class='ocrx_word' id='word_1_106' title='bbox 316 1279 531 1342; x_wconf 76' lang='lat' dir='ltr'><strong>plurimus</strong></span> <span class='ocrx_word' id='word_1_107' title='bbox 561 1277 691 1324; x_wconf 82' lang='lat' dir='ltr'><strong>labor</strong></span> <span class='ocrx_word' id='word_1_108' title='bbox 718 1289 836 1334; x_wconf 83' lang='lat' dir='ltr'><strong>erat,</strong></span> <span class='ocrx_word' id='word_1_109' title='bbox 863 1277 975 1324; x_wconf 77' lang='lat' dir='ltr'><strong>latus</strong></span> <span class='ocrx_word' id='word_1_110' title='bbox 1008 1277 1215 1324; x_wconf 82' lang='lat' dir='ltr'><strong>dextrum</strong></span> <span class='ocrx_word' id='word_1_111' title='bbox 1244 1278 1398 1326; x_wconf 82' lang='lat' dir='ltr'><strong>lancea</strong></span> 
     </span>
    </p>
   </div>
   <div class='ocr_carea' id='block_1_3' title="bbox 112 1346 1403 1923">
    <p class='ocr_par' dir='ltr' id='par_1_3' title="bbox 112 1346 1403 1923">
     <span class='ocr_line' id='line_1_17' title="bbox 114 1346 1400 1412; baseline 0 -15"><span class='ocrx_word' id='word_1_112' title='bbox 114 1351 335 1411; x_wconf 62' lang='lat' dir='ltr'><strong>trajicitur</strong></span> <span class='ocrx_word' id='word_1_113' title='bbox 356 1368 365 1396; x_wconf 91' lang='lat'><strong>:</strong></span> <span class='ocrx_word' id='word_1_114' title='bbox 387 1348 640 1412; x_wconf 81' lang='lat' dir='ltr'><strong>cuneusque</strong></span> <span class='ocrx_word' id='word_1_115' title='bbox 666 1348 703 1395; x_wconf 87' lang='lat' dir='ltr'><strong>is</strong></span> <span class='ocrx_word' id='word_1_116' title='bbox 733 1346 928 1394; x_wconf 81' lang='lat' dir='ltr'><strong>hostium</strong></span> <span class='ocrx_word' id='word_1_117' title='bbox 944 1384 958 1407; x_wconf 87' lang='lat'>‚</span> <span class='ocrx_word' id='word_1_118' title='bbox 979 1348 1057 1412; x_wconf 84' lang='lat' dir='ltr'><strong>qui</strong></span> <span class='ocrx_word' id='word_1_119' title='bbox 1086 1348 1132 1394; x_wconf 86' lang='lat' dir='ltr'><strong>in</strong></span> <span class='ocrx_word' id='word_1_120' title='bbox 1165 1349 1400 1397; x_wconf 80' lang='lat' dir='ltr'><strong>confertos</strong></span> 
     </span>
     <span class='ocr_line' id='line_1_18' title="bbox 115 1422 1402 1486; baseline -0.002 -13"><span class='ocrx_word' id='word_1_121' title='bbox 115 1426 235 1474; x_wconf 83' lang='lat' dir='ltr'><strong>circa</strong></span> <span class='ocrx_word' id='word_1_122' title='bbox 255 1426 413 1473; x_wconf 82' lang='lat' dir='ltr'><strong>ducem</strong></span> <span class='ocrx_word' id='word_1_123' title='bbox 439 1423 655 1486; x_wconf 85' lang='lat' dir='ltr'><strong>impetum</strong></span> <span class='ocrx_word' id='word_1_124' title='bbox 680 1422 871 1479; x_wconf 82' lang='lat' dir='ltr'><strong>fecerat,</strong></span> <span class='ocrx_word' id='word_1_125' title='bbox 894 1434 944 1470; x_wconf 89' lang='lat' dir='ltr'><strong>ut</strong></span> <span class='ocrx_word' id='word_1_126' title='bbox 973 1422 1220 1470; x_wconf 80' lang='lat' dir='ltr'><strong>exanimem</strong></span> <span class='ocrx_word' id='word_1_127' title='bbox 1248 1423 1402 1470; x_wconf 81' lang='lat' dir='ltr'><strong>laben-</strong></span> 
     </span>
     <span class='ocr_line' id='line_1_19' title="bbox 113 1496 1401 1560; baseline -0.001 -16"><span class='ocrx_word' id='word_1_128' title='bbox 113 1510 205 1545; x_wconf 84' lang='lat' dir='ltr'><strong>tem</strong></span> <span class='ocrx_word' id='word_1_129' title='bbox 230 1515 286 1545; x_wconf 91' lang='lat' dir='ltr'><strong>ex</strong></span> <span class='ocrx_word' id='word_1_130' title='bbox 310 1514 430 1560; x_wconf 87' lang='lat' dir='ltr'><strong>equo</strong></span> <span class='ocrx_word' id='word_1_131' title='bbox 450 1496 712 1560; x_wconf 78' lang='lat' dir='ltr'><strong>Scipionem</strong></span> <span class='ocrx_word' id='word_1_132' title='bbox 739 1496 882 1554; x_wconf 87' lang='lat' dir='ltr'><strong>vidit,</strong></span> <span class='ocrx_word' id='word_1_133' title='bbox 911 1496 1074 1543; x_wconf 80' lang='lat' dir='ltr'><strong>alacres</strong></span> <span class='ocrx_word' id='word_1_134' title='bbox 1102 1496 1264 1559; x_wconf 83' lang='lat' dir='ltr'><strong>gaudio</strong></span> <span class='ocrx_word' id='word_1_135' title='bbox 1296 1514 1401 1545; x_wconf 86' lang='lat' dir='ltr'><strong>cum</strong></span> 
     </span>
     <span class='ocr_line' id='line_1_20' title="bbox 115 1569 1401 1634; baseline -0.002 -16"><span class='ocrx_word' id='word_1_136' title='bbox 115 1572 316 1625; x_wconf 84' lang='lat' dir='ltr'><strong>clamore</strong></span> <span class='ocrx_word' id='word_1_137' title='bbox 353 1589 430 1634; x_wconf 86' lang='lat' dir='ltr'><strong>per</strong></span> <span class='ocrx_word' id='word_1_138' title='bbox 462 1583 605 1618; x_wconf 85' lang='lat' dir='ltr'><strong>totam</strong></span> <span class='ocrx_word' id='word_1_139' title='bbox 644 1569 788 1617; x_wconf 82' lang='lat' dir='ltr'><strong>aciem</strong></span> <span class='ocrx_word' id='word_1_140' title='bbox 827 1569 1080 1617; x_wconf 84' lang='lat' dir='ltr'><strong>nuntiante‘s</strong></span> <span class='ocrx_word' id='word_1_141' title='bbox 1115 1569 1401 1629; x_wconf 83' lang='lat' dir='ltr'><strong>discurrunt,</strong></span> 
     </span>
     <span class='ocr_line' id='line_1_21' title="bbox 113 1643 1401 1707; baseline 0.001 -17"><span class='ocrx_word' id='word_1_142' title='bbox 113 1643 433 1707; x_wconf 84' lang='lat' dir='ltr'><strong>imperatorem</strong></span> <span class='ocrx_word' id='word_1_143' title='bbox 473 1645 733 1690; x_wconf 86' lang='lat' dir='ltr'><strong>Romanum</strong></span> <span class='ocrx_word' id='word_1_144' title='bbox 765 1643 981 1692; x_wconf 77' lang='lat' dir='ltr'><strong>cecidisse.</strong></span> <span class='ocrx_word' id='word_1_145' title='bbox 1022 1645 1130 1690; x_wconf 83' lang='lat' dir='ltr'><strong>Haec</strong></span> <span class='ocrx_word' id='word_1_146' title='bbox 1160 1656 1401 1707; x_wconf 77' lang='lat' dir='ltr'><strong>pervagata</strong></span> 
     </span>
     <span class='ocr_line' id='line_1_22' title="bbox 112 1715 1397 1780; baseline 0.001 -18"><span class='ocrx_word' id='word_1_147' title='bbox 112 1717 271 1780; x_wconf 84' lang='lat' dir='ltr'><strong>paffim</strong></span> <span class='ocrx_word' id='word_1_148' title='bbox 289 1735 408 1774; x_wconf 72' lang='lat' dir='ltr'><strong>vox,</strong></span> <span class='ocrx_word' id='word_1_149' title='bbox 427 1728 478 1765; x_wconf 83' lang='lat' dir='ltr'><strong>ut</strong></span> <span class='ocrx_word' id='word_1_150' title='bbox 497 1718 546 1764; x_wconf 88' lang='lat'>&amp;</span> <span class='ocrx_word' id='word_1_151' title='bbox 566 1716 710 1763; x_wconf 81' lang='lat' dir='ltr'><strong>hostes</strong></span> <span class='ocrx_word' id='word_1_152' title='bbox 729 1716 847 1763; x_wconf 79' lang='lat' dir='ltr'><strong>haud</strong></span> <span class='ocrx_word' id='word_1_153' title='bbox 868 1715 1001 1763; x_wconf 88' lang='lat' dir='ltr'><strong>dubie</strong></span> <span class='ocrx_word' id='word_1_154' title='bbox 1021 1731 1106 1778; x_wconf 86' lang='lat' dir='ltr'><strong>pro</strong></span> <span class='ocrx_word' id='word_1_155' title='bbox 1125 1715 1397 1774; x_wconf 64' lang='lat' dir='ltr'><strong>victoribus,</strong></span> 
     </span>
     <span class='ocr_line' id='line_1_23' title="bbox 114 1786 1399 1852; baseline -0.002 -16"><span class='ocrx_word' id='word_1_156' title='bbox 114 1790 167 1836; x_wconf 85' lang='lat'>&amp;</span> <span class='ocrx_word' id='word_1_157' title='bbox 192 1789 390 1836; x_wconf 88' lang='lat' dir='ltr'><strong>Romani</strong></span> <span class='ocrx_word' id='word_1_158' title='bbox 416 1806 500 1852; x_wconf 88' lang='lat' dir='ltr'><strong>pro</strong></span> <span class='ocrx_word' id='word_1_159' title='bbox 531 1788 659 1836; x_wconf 69' lang='lat' dir='ltr'><strong>vi&amp;is</strong></span> <span class='ocrx_word' id='word_1_160' title='bbox 690 1788 850 1845; x_wconf 78' lang='lat' dir='ltr'><strong>ess&#39;ent,</strong></span> <span class='ocrx_word' id='word_1_161' title='bbox 872 1786 991 1850; x_wconf 74' lang='lat' dir='ltr'><strong>fecit.</strong></span> <span class='ocrx_word' id='word_1_162' title='bbox 1017 1790 1134 1850; x_wconf 83' lang='lat' dir='ltr'><strong>Fuga</strong></span> <span class='ocrx_word' id='word_1_163' title='bbox 1163 1786 1399 1834; x_wconf 80' lang='lat' dir='ltr'><strong>confestim</strong></span> 
     </span>
     <span class='ocr_line' id='line_1_24' title="bbox 114 1859 1403 1923; baseline -0.002 -14"><span class='ocrx_word' id='word_1_164' title='bbox 114 1876 173 1910; x_wconf 73' lang='lat' dir='ltr'><strong>ex</strong></span> <span class='ocrx_word' id='word_1_165' title='bbox 194 1862 313 1919; x_wconf 80' lang='lat' dir='ltr'><strong>acie,</strong></span> <span class='ocrx_word' id='word_1_166' title='bbox 334 1863 446 1909; x_wconf 89' lang='lat' dir='ltr'><strong>duce</strong></span> <span class='ocrx_word' id='word_1_167' title='bbox 469 1860 624 1908; x_wconf 76' lang='lat' dir='ltr'><strong>amisso</strong></span> <span class='ocrx_word' id='word_1_168' title='bbox 637 1897 650 1918; x_wconf 87' lang='lat'>‚</span> <span class='ocrx_word' id='word_1_169' title='bbox 670 1859 765 1907; x_wconf 86' lang='lat' dir='ltr'><strong>fieri</strong></span> <span class='ocrx_word' id='word_1_170' title='bbox 788 1872 940 1923; x_wconf 87' lang='lat' dir='ltr'><strong>coepta</strong></span> <span class='ocrx_word' id='word_1_171' title='bbox 959 1859 1034 1906; x_wconf 85' lang='lat' dir='ltr'><strong>est.</strong></span> <span class='ocrx_word' id='word_1_172' title='bbox 1062 1875 1258 1907; x_wconf 85' lang='lat' dir='ltr'><strong>ceterum</strong></span> <span class='ocrx_word' id='word_1_173' title='bbox 1277 1870 1327 1906; x_wconf 87' lang='lat' dir='ltr'><strong>ut</strong></span> <span class='ocrx_word' id='word_1_174' title='bbox 1346 1860 1403 1906; x_wconf 83' lang='lat' dir='ltr'><strong>ad</strong></span> 
     </span>
    </p>
   </div>
   <div class='ocr_carea' id='block_1_4' title="bbox 46 1932 1402 1997">
    <p class='ocr_par' dir='ltr' id='par_1_4' title="bbox 46 1932 1402 1997">
     <span class='ocr_line' id='line_1_25' title="bbox 46 1932 1402 1997; baseline -0.001 -17"><span class='ocrx_word' id='word_1_175' title='bbox 46 1953 49 1957; x_wconf 63' lang='lat'><strong><em>¹</em></strong></span> <span class='ocrx_word' id='word_1_176' title='bbox 114 1935 443 1997; x_wconf 89' lang='lat' dir='ltr'><strong>erumpendum</strong></span> <span class='ocrx_word' id='word_1_177' title='bbox 477 1934 593 1980; x_wconf 88' lang='lat' dir='ltr'><strong>inter</strong></span> <span class='ocrx_word' id='word_1_178' title='bbox 626 1934 842 1980; x_wconf 83' lang='lat' dir='ltr'><strong>Numidas</strong></span> <span class='ocrx_word' id='word_1_179' title='bbox 877 1932 1136 1997; x_wconf 87' lang='lat' dir='ltr'><strong>leviumque</strong></span> <span class='ocrx_word' id='word_1_180' title='bbox 1159 1948 1402 1980; x_wconf 79' lang='lat' dir='ltr'><strong>armorum</strong></span> 
     </span>
    </p>
   </div>
   <div class='ocr_carea' id='block_1_5' title="bbox 107 2004 1403 2508">
    <p class='ocr_par' dir='ltr' id='par_1_5' title="bbox 107 2004 1403 2508">
     <span class='ocr_line' id='line_1_26' title="bbox 107 2004 1402 2073; baseline -0.002 -20"><span class='ocrx_word' id='word_1_181' title='bbox 107 2005 202 2073; x_wconf 68' lang='lat' dir='ltr'><strong>¹alia</strong></span> <span class='ocrx_word' id='word_1_182' title='bbox 227 2007 393 2054; x_wconf 77' lang='lat' dir='ltr'><strong>auxilia</strong></span> <span class='ocrx_word' id='word_1_183' title='bbox 416 2007 532 2053; x_wconf 86' lang='lat' dir='ltr'><strong>haud</strong></span> <span class='ocrx_word' id='word_1_184' title='bbox 561 2005 755 2053; x_wconf 75' lang='lat' dir='ltr'><strong>difficilis</strong></span> <span class='ocrx_word' id='word_1_185' title='bbox 773 2022 842 2052; x_wconf 88' lang='lat' dir='ltr'><strong>res</strong></span> <span class='ocrx_word' id='word_1_186' title='bbox 871 2017 987 2061; x_wconf 86' lang='lat' dir='ltr'><strong>erat;</strong></span> <span class='ocrx_word' id='word_1_187' title='bbox 1010 2006 1070 2052; x_wconf 86' lang='lat' dir='ltr'><strong>ita</strong></span> <span class='ocrx_word' id='word_1_188' title='bbox 1091 2004 1280 2067; x_wconf 83' lang='lat' dir='ltr'><strong>effugere</strong></span> <span class='ocrx_word' id='word_1_189' title='bbox 1298 2016 1402 2051; x_wconf 86' lang='lat' dir='ltr'><strong>tan-</strong></span> 
     </span>
     <span class='ocr_line' id='line_1_27' title="bbox 116 2077 1402 2142; baseline 0 -18"><span class='ocrx_word' id='word_1_190' title='bbox 116 2090 215 2125; x_wconf 86' lang='lat' dir='ltr'><strong>tum</strong></span> <span class='ocrx_word' id='word_1_191' title='bbox 235 2078 438 2141; x_wconf 86' lang='lat' dir='ltr'><strong>equitum</strong></span> <span class='ocrx_word' id='word_1_192' title='bbox 456 2115 470 2137; x_wconf 93' lang='lat'>‚</span> <span class='ocrx_word' id='word_1_193' title='bbox 489 2078 851 2142; x_wconf 78' lang='lat' dir='ltr'><strong>aequantiumque</strong></span> <span class='ocrx_word' id='word_1_194' title='bbox 870 2095 1014 2142; x_wconf 88' lang='lat' dir='ltr'><strong>equos</strong></span> <span class='ocrx_word' id='word_1_195' title='bbox 1044 2077 1289 2125; x_wconf 80' lang='lat' dir='ltr'><strong>velocitate</strong></span> <span class='ocrx_word' id='word_1_196' title='bbox 1318 2093 1402 2140; x_wconf 87' lang='lat' dir='ltr'><strong>pe-</strong></span> 
     </span>
     <span class='ocr_line' id='line_1_28' title="bbox 117 2147 1402 2214; baseline 0 -18"><span class='ocrx_word' id='word_1_197' title='bbox 117 2149 286 2207; x_wconf 85' lang='lat' dir='ltr'><strong>ditum,</strong></span> <span class='ocrx_word' id='word_1_198' title='bbox 307 2149 389 2198; x_wconf 80' lang='lat' dir='ltr'><strong>vix</strong></span> <span class='ocrx_word' id='word_1_199' title='bbox 410 2162 616 2213; x_wconf 84' lang='lat' dir='ltr'><strong>poterant</strong></span> <span class='ocrx_word' id='word_1_200' title='bbox 635 2169 645 2197; x_wconf 92' lang='lat'>:</span> <span class='ocrx_word' id='word_1_201' title='bbox 666 2150 852 2214; x_wconf 83' lang='lat' dir='ltr'><strong>caefique</strong></span> <span class='ocrx_word' id='word_1_202' title='bbox 875 2166 1020 2213; x_wconf 75' lang='lat' dir='ltr'><strong>prope</strong></span> <span class='ocrx_word' id='word_1_203' title='bbox 1039 2150 1188 2212; x_wconf 85' lang='lat' dir='ltr'><strong>plures</strong></span> <span class='ocrx_word' id='word_1_204' title='bbox 1209 2148 1254 2194; x_wconf 87' lang='lat' dir='ltr'><strong>in</strong></span> <span class='ocrx_word' id='word_1_205' title='bbox 1275 2147 1402 2213; x_wconf 83' lang='lat' dir='ltr'><strong>fuga,</strong></span> 
     </span>
     <span class='ocr_line' id='line_1_29' title="bbox 115 2217 1403 2286; baseline 0 -17"><span class='ocrx_word' id='word_1_206' title='bbox 115 2238 250 2286; x_wconf 83' lang='lat' dir='ltr'><strong>quam</strong></span> <span class='ocrx_word' id='word_1_207' title='bbox 269 2221 316 2268; x_wconf 90' lang='lat' dir='ltr'><strong>in</strong></span> <span class='ocrx_word' id='word_1_208' title='bbox 336 2239 481 2286; x_wconf 81' lang='lat' dir='ltr'><strong>pugna</strong></span> <span class='ocrx_word' id='word_1_209' title='bbox 496 2259 511 2281; x_wconf 87' lang='lat'><strong>‚</strong></span> <span class='ocrx_word' id='word_1_210' title='bbox 531 2222 645 2270; x_wconf 86' lang='lat' dir='ltr'><strong>sunt.</strong></span> <span class='ocrx_word' id='word_1_211' title='bbox 678 2239 760 2273; x_wconf 81' lang='lat' dir='ltr'><strong>nec</strong></span> <span class='ocrx_word' id='word_1_212' title='bbox 782 2221 1059 2285; x_wconf 71' lang='lat' dir='ltr'><strong>superfuisset</strong></span> <span class='ocrx_word' id='word_1_213' title='bbox 1078 2217 1333 2284; x_wconf 86' lang='lat' dir='ltr'><strong>quisquam,</strong></span> <span class='ocrx_word' id='word_1_214' title='bbox 1353 2221 1403 2269; x_wconf 80' lang='lat' dir='ltr'><strong>ni</strong></span> 
     </span>
     <span class='ocr_line' id='line_1_30' title="bbox 116 2286 1328 2362; baseline 0 -21"><span class='ocrx_word' id='word_1_215' title='bbox 116 2295 337 2362; x_wconf 73' lang='lat' dir='ltr'><strong>praecipiti</strong></span> <span class='ocrx_word' id='word_1_216' title='bbox 358 2294 447 2358; x_wconf 86' lang='lat' dir='ltr'><strong>jam</strong></span> <span class='ocrx_word' id='word_1_217' title='bbox 467 2296 522 2342; x_wconf 84' lang='lat' dir='ltr'><strong>ad</strong></span> <span class='ocrx_word' id='word_1_218' title='bbox 541 2286 776 2358; x_wconf 76' lang='lat' dir='ltr'><strong>vesperum</strong></span> <span class='ocrx_word' id='word_1_219' title='bbox 803 2296 878 2352; x_wconf 88' lang='lat' dir='ltr'><strong>die</strong></span> <span class='ocrx_word' id='word_1_220' title='bbox 891 2312 987 2343; x_wconf 83' lang='lat' dir='ltr'><strong>nox</strong></span> <span class='ocrx_word' id='word_1_221' title='bbox 1006 2294 1328 2342; x_wconf 72' lang='lat' dir='ltr'><strong>intervenisset.</strong></span> 
     </span>
     <span class='ocr_line' id='line_1_31' title="bbox 181 2366 1401 2433; baseline -0.002 -17"><span class='ocrx_word' id='word_1_222' title='bbox 181 2371 378 2416; x_wconf 88' lang='lat' dir='ltr'>XXXV.</span> <span class='ocrx_word' id='word_1_223' title='bbox 409 2370 539 2416; x_wconf 83' lang='lat' dir='ltr'><strong>Haud</strong></span> <span class='ocrx_word' id='word_1_224' title='bbox 561 2369 749 2433; x_wconf 85' lang='lat' dir='ltr'><strong>segniter</strong></span> <span class='ocrx_word' id='word_1_225' title='bbox 767 2368 871 2417; x_wconf 86' lang='lat' dir='ltr'><strong>inde</strong></span> <span class='ocrx_word' id='word_1_226' title='bbox 904 2369 1041 2416; x_wconf 77' lang='lat' dir='ltr'><strong>duces</strong></span> <span class='ocrx_word' id='word_1_227' title='bbox 1059 2368 1191 2414; x_wconf 82' lang='lat' dir='ltr'><strong>Poeni</strong></span> <span class='ocrx_word' id='word_1_228' title='bbox 1220 2366 1401 2414; x_wconf 75' lang='lat' dir='ltr'><strong>fortuna</strong></span> 
     </span>
     <span class='ocr_line' id='line_1_32' title="bbox 116 2441 1402 2508; baseline -0.002 -19"><span class='ocrx_word' id='word_1_229' title='bbox 116 2441 178 2489; x_wconf 88' lang='lat' dir='ltr'><strong>ufi</strong></span> <span class='ocrx_word' id='word_1_230' title='bbox 195 2478 208 2502; x_wconf 86' lang='lat'>‚</span> <span class='ocrx_word' id='word_1_231' title='bbox 229 2441 465 2492; x_wconf 81' lang='lat' dir='ltr'><strong>confestim</strong></span> <span class='ocrx_word' id='word_1_232' title='bbox 489 2459 514 2491; x_wconf 90' lang='lat' dir='ltr'><strong>e</strong></span> <span class='ocrx_word' id='word_1_233' title='bbox 532 2442 729 2508; x_wconf 78' lang='lat' dir='ltr'><strong>proelio,</strong></span> <span class='ocrx_word' id='word_1_234' title='bbox 758 2444 840 2491; x_wconf 76' lang='lat' dir='ltr'><strong>vix</strong></span> <span class='ocrx_word' id='word_1_235' title='bbox 873 2442 1108 2492; x_wconf 63' lang='lat' dir='ltr'><strong>necessaria</strong></span> <span class='ocrx_word' id='word_1_236' title='bbox 1134 2442 1282 2507; x_wconf 81' lang='lat' dir='ltr'><strong>quiete</strong></span> <span class='ocrx_word' id='word_1_237' title='bbox 1302 2441 1402 2489; x_wconf 76' lang='lat' dir='ltr'><strong>data</strong></span> 
     </span>
    </p>
   </div>
  </div>
 </body>
</html>
