1628 2890
260 146 810 199 His‘roamautxt
853 146 980 198 ΜΒ.
1016 145 1193 198 xxti.
1318 165 1369 214 31

87 255 172 308 bus
208 258 382 322 proeliis
418 257 594 321 egregie
628 269 903 320 pugnantes,
939 256 1199 321 quindecim
1237 255 1378 304 millia

89 332 602 388 hostiumocciderunt,
624 342 821 392 quatuor
838 330 978 377 millia
1002 348 1104 378 cum
1123 330 1272 379 multis
1293 332 1380 379 mie

90 402 290 452 litaribus
316 401 447 465 signis
468 402 666 463 capiunt.

154 476 299 522 XXII.
339 475 442 520 Hoc
473 473 586 520 statu
610 488 757 518 rerum
789 471 835 517 in
873 471 1110 535 Hispania,
1145 474 1190 520 P.
1223 474 1378 538 Scipio

90 547 138 597 in
171 548 457 612 provinciam
492 547 646 604 venit,
674 559 928 611 prorogato
960 549 1061 610 post
1084 548 1380 596 consulatum

91 623 287 685 imperio
304 623 356 668 ab
382 621 532 668 senatu
551 620 702 666 missus
717 655 730 677 ,
752 636 855 666 cum
874 621 1055 683 triginta
1077 621 1224 685 longis
1247 623 1381 669 navi-

91 697 174 745 bus
190 732 204 755 ,
224 698 273 744 &
293 697 397 743 ofto
418 694 617 741 millibus
637 695 830 740 miiitum
846 730 858 751 ,
880 711 1135 758 magnoque
1155 712 1385 743 commea·-

91 780 141 816 tu
175 768 379 816 ειάνεξῖο.
412 768 476 814 Ea
508 766 647 814 claffis
675 767 833 829 ingens
860 767 1038 830 agmine
1070 769 1382 816 onerariarum

91 839 254 906 procul
281 839 404 898 visa,
431 857 532 887 cum
564 856 721 902 magna
747 838 901 885 laetitia
933 839 1106 886 civium
1131 840 1383 888 sociorum-2

93 931 204 978 que,
231 923 413 975 portum
441 912 716 959 Tarraconis
744 928 799 958 ex
828 912 922 959 alto
956 912 1113 960 tenuit.
1147 913 1210 959 ibi
1241 914 1381 961 milite

93 987 329 1049 expo-sito,
356 985 580 1049 profecffus
612 985 766 1048 Scipio
798 985 924 1032 fratri
959 986 1000 1032 se
1032 986 1299 1052 conjungit:
1333 1005 1383 1035 ac

95 1060 256 1106 deinde
278 1058 511 1106 communi
544 1059 698 1106 animo
730 1059 1015 1124 consilioque
1044 1062 1257 1124 gerebant
1286 1062 1384 1108 hel-

94 1131 202 1178 lum.
224 1133 472 1194 Occupatis
492 1132 629 1196 igitur
645 1132 1086 1198 Carthaginiensibus
1107 1134 1386 1181 Celtiberico

97 1203 222 1250 bello
246 1240 260 1261 ,
298 1204 414 1250 haud
455 1206 713 1252 cunGtanter
756 1207 931 1252 Iberum
971 1207 1387 1271 transgrediuntur,

95 1294 181 1324 nec
212 1277 307 1323 ullo
339 1277 439 1324 viso
468 1278 614 1333 hoste,
635 1280 886 1342 Saguntum
918 1291 1111 1342 pergunt
1138 1281 1231 1337 ire,
1261 1281 1387 1343 quod

94 1349 160 1396 ibi
196 1350 369 1397 obfides
406 1351 548 1398 totius
584 1351 809 1414 Hispaniae
852 1351 1064 1398 custodiae
1101 1353 1290 1399 traditos
1334 1354 1390 1407 ab
1429 1391 1432 1394 .

96 1422 350 1468 Hannibale
371 1422 488 1469 fama
508 1435 604 1469 erat
620 1424 807 1470 modico
836 1424 883 1468 in
910 1440 1009 1469 arce
1031 1423 1244 1470 custodiri
1272 1442 1390 1486 prae-

97 1495 224 1542 fidio.
257 1496 303 1541 id
329 1496 656 1563 unumlpignus
686 1497 928 1543 inclinatos
957 1497 1009 1542 ad
1039 1497 1290 1544 Romanam
1318 1498 1392 1544 so·-

99 1569 305 1616 cietatem
352 1570 559 1616 omnium
622 1570 846 1633 Hispaniae
894 1571 1172 1634 populorum
1217 1572 1391 1620 animos

98 1643 389 1699 morabatur,
413 1659 468 1688 ne
495 1642 706 1706 sanguine
731 1642 919 1690 liberum
949 1643 1130 1692 {uorum
1159 1646 1290 1710 culpa
1311 1647 1391 1692 dea-

100 1715 309 1761 feffiionis
336 1715 546 1763 lueretur.
578 1719 645 1763 Eo
666 1717 857 1764 vinculo
879 1717 1137 1780 Hispaniam
1161 1720 1234 1766 vir
1252 1735 1389 1777 unus,

99 1787 253 1835 solerti
275 1789 412 1852 magis
433 1807 564 1853 quam
591 1788 712 1836 fideli
735 1790 926 1836 consilio
941 1827 954 1846 ‚
975 1789 1184 1838 exsolvit.
1213 1792 1392 1838 Abelux

100 1875 194 1909 erat
224 1864 406 1926 Sagunti
441 1864 606 1911 nobilis
636 1865 885 1927 Hispanus,
915 1863 1030 1911 fidus
1068 1878 1171 1912 ante
1204 1866 1355 1912 Poenis
1381 1883 1391 1911 ς

101 1947 198 1982 tum
217 1934 395 1999 (qualia
424 1937 686 2001 pierumque
718 1937 816 1983 sunt
847 1938 1143 1984 barbarorum
1178 1937 1388 2002 ingenia)

103 2024 205 2054 cum
240 2006 422 2054 fortuna
463 2020 719 2055 mutaverat
749 2007 897 2056 fidem,
938 2023 1164 2069 ceterum,
1198 2008 1393 2056 transfu-

104 2097 229 2143 gam,
251 2079 341 2125 fine
364 2097 536 2144 magnae
557 2081 620 2127 rei
643 2081 904 2144 proditione
938 2082 1196 2131 venientem
1222 2082 1276 2128 ad
1305 2083 1393 2130 ho·-

103 2152 188 2200 stes
203 2188 217 2210 ,
239 2152 348 2198 nihil
371 2152 491 2200 aliud
517 2171 650 2218 quam
678 2171 818 2200 unum
838 2154 931 2200 vile
952 2166 1084 2217 atque
1104 2152 1269 2200 infame
1291 2171 1395 2200 cor-

102 2245 186 2290 pus
211 2228 294 2273 effe
316 2240 464 2286 ratus,
492 2227 536 2273 id
557 2228 740 2291 agebat,
767 2241 817 2275 ut
844 2226 979 2291 quam
1005 2228 1248 2274 maximum
1270 2244 1396 2274 emo-

103 2301 354 2348 lumentum
384 2301 520 2348 novis
550 2302 679 2348 sociis
717 2301 832 2348 effer.
883 2297 1230 2363 Circumspeffis'
1261 2301 1396 2363 igitur

105 2375 318 2420 omnibus
337 2410 350 2433 ,
371 2391 470 2438 quae
491 2373 672 2426 fortuna
694 2374 924 2438 potestatis
953 2374 1045 2435 ejus
1074 2387 1252 2436 poterat
1273 2374 1396 2420 face-

104 2463 153 2494 re
165 2482 180 2506 ‚
196 2446 424 2495 obsidibus
442 2449 720 2512 potiffimum
746 2448 972 2498 tradendis
993 2447 1191 2497 animum
1208 2447 1396 2515 adjecit:
