1628 2890
182 122 245 167 44
400 78 401 81 '
533 94 1102 146 T1T1L1V11

183 215 296 261 sunt.
312 213 381 260 Ad
397 211 517 259 mille
538 206 804 264 hominum,
825 222 926 253 cum
946 204 1015 272 his
1033 202 1306 267 Sempronio
1331 201 1472 250 Blaeso

181 287 430 351 quaestore,
449 282 649 331 amissum
669 300 679 328 ε
703 280 868 337 claffis,
890 297 914 326 a
934 267 1143 325 litoribus
1164 276 1359 324 hostium
1377 276 1476 339 ple·
1542 336 1546 340 “

181 362 250 408 nis
277 358 447 421 trepide
477 355 645 411 soluta,
681 353 728 400 in
757 353 959 400 Siciliam
985 349 1167 398 cursum
1192 350 1362 397 tenuit:
1386 361 1478 396 tra-

181 434 359 494 ditaque
388 429 580 492 Lilybaei
609 430 666 476 T.
688 426 894 475 Otacilio
927 420 1146 489 praetori,
1175 435 1225 470 ut
1249 424 1304 470 ab
1327 423 1477 487 legato

181 507 275 567 ejus
303 507 349 550 P.
369 505 479 548 Sura
495 502 691 547 Romam
718 500 1023 547 reduceretur.
1043 495 1159 560 ipse,
1186 513 1263 558 per
1279 495 1477 543 Siciliam

182 579 369 645 pedibus
399 576 653 641 profecius,
686 574 805 622 freto
836 575 882 629 in
904 573 1074 620 ltaliam
1106 570 1311 632 trajecit,
1338 570 1479 617 literis

181 655 244 713 Q.
268 652 392 699 Fabii
412 651 582 698 accitus
600 652 651 698 &
671 648 764 712 ipse
781 685 794 707 ,
810 650 860 696 &
882 647 1060 711 collega
1080 644 1178 706 ejus
1203 645 1267 690 M.
1291 642 1479 701 Atilius,

181 740 233 774 ut
250 726 473 774 exercitus
494 725 549 772 ab
568 723 610 771 se
625 760 638 781 ‚
658 724 817 770 exacto
838 722 927 785 jam
946 737 1092 784 prope
1112 716 1308 765 semestri
1336 716 1482 778 impe—

181 800 285 858 rio,
318 800 588 861 acciperent.
630 798 856 845 Omnium
895 810 1041 859 prope
1080 791 1262 839 annales
1295 790 1512 837 Fabium'

182 872 448 919 dictatorem
478 871 689 921 adversus
719 869 1021 919 Hannibalem
1058 884 1155 914 rem
1192 862 1356 929 geffiffe
1390 874 1484 908 tra-

147 983 149 985 .
183 944 312 991 dunt.
342 945 522 992 Coelius
550 946 685 992 etiam
718 962 822 992 eum
859 943 1059 1006 primum
1088 958 1113 987 a
1146 938 1326 1005 populo
1360 953 1485 984 crea·

183 1029 280 1064 tum
312 1018 574 1066 diclatorem
606 1018 771 1067 scribit.
804 1017 892 1064 Sed
924 1017 975 1064 &
997 1014 1203 1062 Coelium
1232 1014 1282 1060 δε
1312 1023 1487 1059 ceteros

184 1089 423 1153 fugit,uni
454 1089 628 1138 consuli
664 1091 749 1138 Cn.
778 1089 1005 1146 Servilio,
1031 1087 1110 1152 qui
1131 1099 1226 1132 tum
1256 1083 1421 1148 procul
1441 1083 1488 1129 in

186 1167 335 1215 Gallia
357 1168 600 1230 provincia
624 1169 806 1225 aberat,
829 1166 896 1228 jus
924 1164 1055 1213 fuisse
1087 1161 1270 1210 dicendi
1294 1161 1488 1219 diclato-

189 1241 250 1288 ris
274 1259 284 1286 z
307 1258 439 1303 quam
467 1258 645 1288 moram
672 1240 777 1306 quia
801 1239 1052 1302 exspectare
1071 1234 1224 1283 territa
1243 1233 1331 1296 jam
1365 1233 1490 1279 clade

190 1314 352 1362 civitas
377 1332 473 1362 non
491 1327 696 1378 poterat,
724 1330 780 1361 eo
801 1313 1036 1360 decursum
1067 1309 1151 1356 effe
1166 1344 1180 1366 ,
1198 1320 1247 1354 ut
1268 1325 1292 1354 a
1315 1305 1490 1369 populo

190 1400 440 1445 crearetur,
465 1389 544 1452 qui
581 1406 668 1451 pro
699 1388 913 1435 diflatore
942 1385 1081 1432 effet:
1116 1400 1185 1430 res
1215 1381 1320 1428 inde
1352 1380 1491 1444 gestas
1560 1434 1567 1437 „

191 1461 476 1525 gloriamque
495 1461 712 1526 insignem
731 1460 855 1508 ducis
876 1461 926 1506 &
945 1471 1158 1521 augentes
1177 1453 1360 1502 titulum
1380 1453 1491 1499 ima-

192 1532 310 1596 ginis
333 1534 563 1597 posteros,
585 1547 660 1593 ut,
683 1534 762 1597 qui
781 1549 865 1597 pro
888 1531 1132 1589 diclatore,
1156 1529 1349 1575 dictator
1367 1527 1503 1574 dice-¹

192 1617 340 1662 retur,
363 1606 494 1654 facile
516 1606 777 1654 obtinuisse.

278 1680 476 1728 XXXII.
517 1680 773 1740 Consules,
802 1678 966 1727 Atilius
1007 1675 1207 1725 Fabiano
1222 1711 1236 1733 ,
1272 1673 1494 1722 Geminus

196 1752 414 1800 Servilius
447 1754 718 1802 Minuciano
744 1754 949 1802 exercitu
978 1763 1193 1814 accepto,
1219 1748 1495 1796 hibernacu-

196 1825 252 1871 lis
278 1838 447 1874 mature
468 1828 758 1874 communitis
775 1863 789 1884 ,
823 1827 1110 1891 (extremum
1138 1821 1342 1870 autumni
1365 1819 1493 1884 erat)

198 1900 321 1946 Fabii
341 1892 508 1949 artibus
528 1919 630 1950 cum
651 1901 819 1948 summa
842 1902 957 1947 inter
990 1900 1030 1946 se
1054 1897 1306 1946 concordia
1324 1896 1494 1943 bellum

199 1972 434 2035 gefferunt.
466 1977 802 2021 Frumentatum
824 1972 1006 2020 exeunti
1030 1968 1276 2017 Hannibali
1305 1965 1494 2014 diversis

200 2045 316 2093 locis
349 2048 602 2109 opportuni
636 2049 843 2105 aderant,
875 2055 1109 2109 carpentes
1145 2058 1334 2106 agmen,
1367 2039 1494 2103 pala-

200 2117 359 2181 tosque
381 2120 670 2182 excipientes.
688 2121 736 2167 in
758 2120 908 2168 casum
928 2117 1153 2166 universae
1171 2114 1497 2173 dimicationis,

203 2208 339 2254 quam
360 2193 571 2241 omnibus
604 2194 774 2241 artibus
809 2194 986 2256 petebat
1014 2182 1181 2247 hostis«,
1204 2199 1299 2234 non
1333 2187 1497 2234 venie-

205 2265 326 2313 bant.
356 2266 561 2331 adeoque
579 2267 737 2330 inopia
759 2266 820 2313 est
840 2267 1020 2314 coactus
1041 2262 1292 2320 Hannibal,
1320 2273 1396 2319 ut,
1416 2260 1497 2307 nisi

206 2350 301 2385 tum
331 2339 451 2404 fugae
478 2340 669 2404 speciem
698 2340 907 2389 abeundo
927 2338 1173 2394 timuisset,
1202 2335 1399 2382 Galliam
1422 2351 1496 2381 re-

205 2412 429 2476 petiturus
456 2413 617 2476 fuerit,
639 2416 757 2463 nulla
779 2414 930 2462 relifila
947 2412 1018 2478 spe
1039 2409 1186 2485 alendi
1206 2409 1430 2457 exercitus
1444 2404 1503 2454 'int
