1628 2890
214 133 787 183 HisTofflARUM
835 138 960 184 Llss
996 137 1152 183 XXV
1274 152 1358 198 301

83 235 189 295 sus,
217 237 334 299 spem
356 232 559 286 accendit
577 241 685 286 Can-
677 241 844 303 panis,
874 241 977 287 dum
1008 139 1195 304 aliquidI
1198 241 1365 289 virium

83 307 340 370 superesset,
354 311 409 357 ab
429 311 555 356 omni
578 330 621 374 p
610 325 699 358 arte
719 312 1004 374 eruptionem
1024 313 1238 360 tentandi
1274 306 1363 361 Ce-

83 393 229 428 terum
261 383 306 428 in
328 384 479 431 multis
505 385 821 432 certaminibus
849 385 1064 449 equestria
1090 387 1252 449 proelia
1277 387 1368 434 fer-

82 473 156 501 me
185 455 395 519 prospera
425 458 672 506 faciebant:
705 459 877 521 pedites
914 459 1246 522 superabantur.
1294 461 1368 510 sed

86 545 371 593 nequaquam
400 542 490 578 tam
522 532 673 577 laetum
696 532 906 589 vincere,
937 549 1068 595 quam
1092 532 1215 579 triste
1243 534 1370 583 vinci

83 602 173 648 ulla
191 615 315 665 parte
332 615 426 650 erat
448 604 502 651 ab
524 604 695 650 obsesso
719 606 768 651 &
787 621 929 667 prope
944 618 1203 668 expugnato
1225 605 1364 654 host-e.

85 675 197 722 Inita
217 678 395 724 tandem
414 677 528 724 ratio
545 677 628 734 est,
645 689 720 735 ut,
738 678 864 741 quod
884 677 1060 724 viribus
1081 679 1254 737 deerat,
1274 693 1369 728 arte

85 761 352 812 aequaretur.
388 766 444 796 ex
485 749 696 796 omnibus
725 748 978 812 legionibus
1009 750 1133 796 elesii
1165 749 1308 798 sunt
1296 769 1370 813 Ju-

86 838 252 881 venes,
291 824 485 871 maxime
516 824 677 887 vigore
709 839 760 869 ac
790 822 974 870 levitate
1005 839 1254 885 corporum
1283 842 1369 873 ve-

85 895 237 942 loces:
270 896 333 942 eis
362 913 526 959 parmae
560 895 821 952 breviores,
854 911 987 958 quam
1020 894 1273 958 equestres,
1316 895 1367 947 δι

89 965 268 1029 septena
286 966 430 1030 jacula
448 978 690 1030 quaternos
717 966 854 1028 longa
883 967 1017 1028 pedes
1038 966 1164 1025 data,
1187 967 1368 1028 praefixa

87 1039 241 1099 ferro,
276 1041 406 1103 quale
433 1039 564 1086 hastis
598 1038 860 1088 velitaribus
897 1039 1023 1085 inest.
1063 1055 1141 1084 eos
1173 1038 1370 1103 singulos

88 1112 135 1158 in
157 1131 298 1176 equos
328 1113 428 1159 suos
459 1112 731 1175 accipientes
760 1111 931 1175 equites
951 1111 1300 1170 assuefecerunt,
1320 1116 1371 1162 δεῖ

89 1185 199 1232 vehi
234 1184 334 1249 post
363 1185 477 1244 sese,
507 1187 556 1232 δε
583 1184 754 1231 desilire
787 1183 1056 1248 perniciter,
1089 1185 1167 1230 ubi
1199 1185 1370 1248 signum

89 1261 243 1306 datum
272 1259 388 1305 effer.
423 1257 659 1320 Postquam
683 1257 956 1305 assuetudine
987 1258 1250 1321 quotidiana
1270 1259 1370 1306 satis

87 1331 310 1392 intrepide
336 1328 482 1376 visum
508 1328 570 1375 est
597 1327 723 1386 fieri,
751 1328 797 1374 in
829 1346 1058 1391 campum,
1092 1329 1170 1393 qui
1200 1330 1372 1378 medius

89 1404 208 1454 inter
245 1405 383 1453 castra
425 1421 692 1468 murumque
731 1417 854 1462 erat,
890 1404 1099 1451 adversus
1135 1405 1372 1455 instruetos

92 1482 428 1543 Campanorum
448 1478 620 1542 equites
640 1478 960 1541 processerunt.
991 1480 1040 1526 δέ
1053 1515 1065 1538 ‚
1086 1478 1165 1524 ubi
1183 1480 1237 1525 ad
1257 1497 1374 1527 con-

89 1554 252 1616 jeCmm
287 1553 364 1599 teli
404 1565 593 1602 ventum
631 1552 723 1609 est,
761 1553 886 1615 signo
920 1553 1026 1599 dato
1062 1553 1221 1601 velites
1257 1555 1373 1602 defi-

90 1629 218 1676 liunt.
241 1627 467 1692 >pedestris
501 1627 604 1673 inde
639 1626 755 1672 acies
784 1643 839 1672 ex
873 1627 1076 1690 equitatu
1105 1639 1289 1689 repente
1325 1630 1373 1675 in

88 1703 284 1752 hostium
305 1703 472 1767 equites
492 1701 705 1748 imcurrit:
723 1699 956 1763 jaculaque
977 1719 1078 1748 cum
1103 1701 1270 1764 impetu
1292 1703 1376 1749 alia

93 1778 222 1840 super
252 1774 337 1822 alia
366 1775 588 1821 emittunt.
623 1773 801 1834 Quibus
826 1773 1029 1835 plurimis
1058 1773 1105 1819 in
1138 1790 1278 1836 equos
1302 1774 1375 1820 vi-

92 1851 258 1914 rosque
287 1849 439 1914 paffim
466 1848 679 1911 conjeffis
715 1847 962 1910 permultos
993 1847 1375 1895 vulneraverunt:

93 1924 280 1987 pavoris
314 1935 461 1969 tamen
498 1922 596 1984 plus
628 1938 682 1967 ex
719 1938 766 1966 re
805 1936 930 1966 nova
967 1932 1101 1983 atque
1141 1920 1376 1982 inopinata

95 1995 305 2057 injefiium
332 1993 420 2040 est:
454 1995 504 2041 ὅ(
534 1993 578 2039 in
612 1991 862 2055 perculsum
895 1992 1067 2037 hostem
1097 1991 1268 2053 equites
1305 1991 1375 2037 in-

95 2069 240 2126 veffl,
258 2067 405 2129 fugam
435 2066 707 2129 stragemque
736 2081 894 2110 eorum
913 2063 1049 2125 usque
1068 2063 1121 2109 ad
1138 2076 1290 2125 portas
1314 2062 1380 2109 fe-

95 2153 268 2188 cerunt.
299 2140 402 2185 lnde
423 2139 625 2201 equitatu
651 2154 834 2201 quoque
862 2136 1063 2199 superior
1084 2137 1288 2183 Romana
1309 2152 1378 2182 res

67 2206 194 2259 suit.
247 2211 531 2270 Institutum‚
570 2222 618 2256 ut
655 2210 815 2257 velites
853 2210 900 2255 in
936 2210 1188 2273 legionibus
1227 2210 1378 2256 essent.

95 2285 340 2331 Aufiorem
378 2284 577 2347 peditum
611 2284 751 2346 equiti
787 2283 1181 2330 immiscendorum
1219 2295 1379 2330 centu-

94 2359 270 2404 rionem
301 2360 361 2419 Q.
393 2358 591 2406 Navium
619 2357 794 2418 ferunt,
832 2357 1096 2423 honorique
1127 2357 1172 2403 id
1196 2359 1234 2408 ci
1263 2357 1380 2421 apud

95 2431 412 2495 imperatorem
443 2431 582 2482 fuiffe.
