1628 2890
260 159 808 208 HISTORIARUM
844 162 968 209 LIB.
1005 163 1239 211 XXVII.
1307 182 1395 230 451

113 270 200 318 alta
229 269 438 316 ducendo
471 266 750 327 exercitum,
781 286 885 316 cum
916 271 1059 318 modo
1082 271 1291 319 infideret
1320 292 1405 321 an-

113 341 264 406 gustos
289 340 423 388 saltus
441 376 456 398 ,
485 352 537 386 ut
557 340 785 387 transitum
811 341 1064 398 clauderet,
1086 344 1227 390 modo
1251 345 1308 390 ab
1338 345 1406 392 la-

115 429 210 462 tere
226 425 303 460 aut
321 413 377 460 ab
395 425 523 477 tergo
543 425 746 475 carperet
762 430 941 476 agmen,
962 413 1212 462 ludificatus
1231 417 1405 465 hostem

115 486 327 535 omnibus
364 486 534 533 artibus
569 485 676 532 belli
712 485 871 533 fuerat.
921 486 958 532 is
993 498 1087 533 tum
1125 488 1173 534 in
1209 489 1405 536 confilio

115 560 279 606 aderat.
315 559 571 604 Multorum
598 574 654 603 eo
680 557 899 604 inclinant
922 557 1148 605 sententiae
1164 596 1178 618 ,
1201 574 1276 620 ut,
1298 562 1409 610 dum

116 632 272 680 feffum
294 632 371 679 via
398 648 448 678 ac
475 631 640 693 vigiliis
660 629 862 678 reficeret
891 631 1080 677 militem
1103 633 1228 680 Nero
1243 670 1258 691 ,
1276 633 1408 681 simul

120 707 171 753 &
196 705 250 752 ad
271 703 548 749 noscendum
569 702 742 748 hostem
769 719 940 764 paucos
967 702 1046 749 fibi
1073 703 1406 765 sumeretdies,

117 790 293 840 tempus
313 792 475 839 pugnae
497 774 762 821 differretur.
780 776 907 820 Nero
929 791 1024 821 non
1045 775 1226 823 suadere
1244 779 1407 838 modo,

119 849 194 896 sed
223 849 389 896 summa
423 865 512 910 ope
544 865 674 894 orare
711 847 894 906 institit,
922 867 972 894 ne
1008 851 1222 914 consilium
1244 854 1407 913 suurn,

119 925 232 984 quod
253 939 388 968 tutum
412 923 593 968 celeritas
604 919 793 984 feczſjec,
826 924 1080 967 temerarium
1105 927 1307 970 morando
1321 925 1408 984 fa-

119 1010 261 1041 cerent.
290 996 439 1039 Errore
473 994 570 1053 (qui
596 1011 681 1037 non
712 995 933 1038 diuturnus
951 993 1129 1051 ficturus
1154 993 1267 1057 effer)
1297 1003 1408 1045 velut

119 1084 342 1129 torpentem
369 1070 656 1114 Hannibalern
672 1100 687 1122 ,
707 1084 778 1111 nec
801 1068 929 1133 castra
936 1069 1025 1126 sua
1033 1067 1130 1131 fine
1151 1072 1248 1116 duee
1269 1073 1407 1117 relifla

122 1143 322 1204 aggredi,
343 1159 415 1186 nec
432 1143 493 1186 ad
497 1141 752 1201 sequendum
764 1139 813 1199 J}
835 1143 910 1184 iter
925 1139 1149 1203 intendiffe.
1186 1160 1407 1204 antequam

111 1215 163 1275 fi
189 1229 374 1270 moveat,
401 1215 524 1258 deleri
556 1214 775 1257 exercitum
810 1211 1095 1270 Hasdrubalis
1121 1213 1262 1276 poffz‚
1296 1219 1408 1262 redi..

122 1303 237 1346 reque
263 1285 310 1329 in
329 1286 552 1345 Apuliam.
585 1284 678 1345 Qui
696 1286 953 1343 prolatando
972 1285 1162 1344 spatium
1192 1288 1293 1352 Jzosti
1319 1292 1409 1348 dec,

123 1378 214 1406 eum
249 1357 292 1405 δ’
323 1361 401 1404 illa
439 1360 567 1424 castra
594 1361 765 1418 prodere
799 1359 1062 1415 Hannibali,
1104 1357 1146 1404 δ’
1173 1364 1329 1419 aperire
1361 1365 1408 1407 in

126 1433 319 1478 Galliam
341 1434 439 1488 iter,
458 1447 506 1475 ut
514 1449 591 1490 per
608 1433 737 1476 otium
753 1464 767 1485 ,
786 1431 856 1474 ubi
876 1430 975 1475 velit
987 1464 1000 1487 ,
1024 1430 1289 1489 Hasdrubali
1307 1450 1410 1477 con-

118 1504 338 1566 jungatur.
356 1506 584 1563 Extemplo
599 1502 773 1567 stgnum
799 1504 986 1546 dandum
1001 1535 1014 1559 ,
1042 1498 1087 1546 δ’
1108 1505 1339 1548 exeundum
1362 1507 1409 1550 in

126 1581 254 1624 aciem
283 1596 299 1624 .·
331 1579 655 1636 abutendumque
685 1593 808 1620 errore
837 1575 1010 1639 hostium
1042 1576 1272 1635 absentium
1298 1595 1411 1636 prce-

115 1654 379 1715 sentiumque
394 1670 415 1706 ;
445 1653 544 1695 dum
579 1667 702 1709 neque
734 1651 800 1693 illi
822 1648 969 1707 fiiant
999 1665 1089 1692 cum
1113 1651 1412 1708 paucioribus,

127 1744 201 1771 nec
219 1728 264 1770 hi
292 1743 384 1770 cum
406 1724 601 1784 pluribus
622 1720 664 1767 δ’
689 1722 965 1767 validioribus
983 1739 1063 1766 rem
1089 1718 1172 1783 effe.
1203 1720 1411 1767 Consilio

127 1796 532 1860 dimiff0‚s1gnum
564 1811 725 1858 pugnae
755 1792 1060 1857 proponitur,
1083 1792 1412 1859 confestimque

125 1872 177 1920 in
207 1871 349 1918 aciem
374 1870 640 1933 procedunt,

194 1943 376 1990 XLVII.
407 1943 500 1988 Jam
526 1938 676 1986 hostes
700 1949 803 1986 ante
832 1937 970 1986 castra
997 1937 1194 1985 instruffi
1225 1937 1413 1990 stabant.

131 2032 306 2066 moram
331 2031 491 2078 pugnae
515 2013 690 2070 attulit,
718 2012 845 2077 quod
874 2010 1147 2071 Hasdrubal,
1169 2014 1415 2075 provebius.

130 2103 236 2140 ante
263 2090 384 2153 figna
412 2106 512 2136 cum
543 2087 694 2150 paucis
715 2085 973 2150 equitibus,
998 2086 1120 2133 scuta
1141 2098 1297 2133 vetera
1324 2088 1414 2133 ho-

131 2165 261 2212 stium
291 2161 467 2209 notavit
482 2197 495 2219 ‚
516 2178 618 2224 quae
647 2172 748 2207 ante
772 2175 869 2206 non
898 2158 1095 2216 viderat,
1117 2161 1166 2207 &
1188 2159 1416 2223 strigofio-

134 2253 205 2284 res
226 2253 382 2299 equos.
415 2233 657 2281 multitudo
681 2247 864 2297 quoque
890 2229 1037 2291 major
1062 2230 1191 2277 solita
1221 2231 1313 2278 viia
1340 2232 1418 2280 est.

134 2308 389 2371 Suspicatus
419 2307 538 2353 enim
574 2306 644 2362 id,
674 2305 800 2367 quod
831 2315 950 2360 erat,
984 2304 1183 2367 receptui
1223 2321 1418 2366 propere

135 2381 322 2439 cecinit,
342 2398 391 2428 ac
419 2380 534 2426 mifit
555 2381 609 2427 ad
631 2378 827 2435 flumen,
845 2377 966 2422 unde
995 2377 1309 2439 aquabantur-3
1340 2377 1418 2423 ubi

136 2452 190 2498 &
224 2451 374 2516 excipi
408 2450 551 2517 aliqui
583 2451 788 2516 possent,
815 2452 867 2499 ὅ(
893 2450 1043 2497 notari
1075 2450 1252 2508 oculis,
1278 2450 1309 2497 fi
1340 2450 1417 2514 qui

1043 2523 1112 2571 Ff
1138 2540 1164 2571 2
