1628 2890
216 153 302 201 186
440 164 445 168 ’
565 151 1131 201 TITILIVII

205 260 359 325 girant.
388 256 558 305 Omnia
575 257 817 305 luminibus
836 258 1066 306 collucent
1080 296 1094 319 ‚
1115 258 1392 324 strepituque
1411 277 1492 309 vae

203 334 276 380 rio
324 330 626 393 complentur.
671 330 830 378 armati
868 331 983 379 locis
1015 332 1267 394 patentibus
1305 349 1496 397 congre-

204 418 380 469 gantur.
429 403 621 451 inermes
651 420 707 450 ex
742 403 953 468 Olympii
987 403 1114 451 Jovis
1148 404 1318 468 templo
1351 405 1493 468 spolia

204 475 445 523 Gallorum
466 474 847 539 Illyriorumque,
871 476 998 522 dono
1027 476 1127 523 data
1153 476 1342 524 Hieroni
1360 494 1384 524 a
1409 494 1493 541 po·

208 548 319 611 pulo
343 549 555 594 Romano
568 583 581 605 ,
601 547 781 612 fixaque
801 549 856 595 ab
876 565 957 605 eo,
980 549 1241 608 detrahunt,
1262 566 1493 613 precantes

206 625 395 681 Jovem,
430 635 479 669 ut
511 621 676 670 volens
712 623 936 694 propitius
968 625 1165 687 praebeat
1197 624 1314 672 sacra
1345 641 1494 683 arma,

204 714 292 760 pro
324 695 494 760 patria,
514 712 600 758 pro
631 695 785 744 Defim
817 696 1042 757 delubris,
1061 714 1145 760 pro
1176 696 1378 744 libertate
1405 696 1494 745 sese

205 770 492 818 armantibus.
511 770 621 816 Haec
642 785 829 833 quoque
847 770 1090 817 multitudo
1104 805 1118 827 ‚
1133 769 1396 817 stationibus
1415 787 1496 834 per

204 842 433 907 principes
459 841 701 907 regionum
730 841 854 889 urbis
875 842 1122 906 dispositis,
1145 840 1414 905 adjungitur.
1443 845 1495 889 In

207 915 353 964 Insula
388 915 504 962 inter
534 927 679 963 cetera
711 916 1074 963 Andranodorus
1107 914 1319 979 praesidiis
1349 913 1497 962 firmat

205 991 374 1038 horrea
395 989 589 1054 publica.
610 992 783 1047 Locus,
804 989 911 1036 saxo
929 989 1150 1052 quadrato
1169 988 1340 1052 septus,
1359 1000 1496 1052 atque

205 1064 317 1112 arcis
347 1064 394 1111 in
427 1064 615 1111 modum
648 1063 871 1110 emunitus
890 1098 904 1120 ‚
938 1061 1111 1125 capitur
1145 1062 1201 1109 ab
1234 1061 1497 1123 juventute,

206 1154 309 1201 quae
340 1136 546 1200 praefidio
574 1134 667 1197 ejus
700 1136 794 1182 loci
825 1134 1040 1183 attributa
1069 1147 1187 1193 erat,
1217 1134 1496 1199 mittuntque

205 1208 394 1256 nuntios
429 1208 476 1255 in
503 1207 803 1255 Achradinam
820 1243 835 1266 ,
858 1207 1024 1254 horrea
1053 1205 1416 1271 frumentumque
1447 1207 1497 1253 in

207 1281 383 1330 senatus
414 1281 632 1344 potestate
663 1281 762 1328 effe.

275 1354 428 1405 XXII.
460 1355 581 1400 Luce
600 1353 744 1416 prima
770 1351 968 1416 populus
994 1352 1142 1399 omnis
1163 1363 1353 1399 armatus
1379 1351 1497 1399 iner-

209 1425 378 1489 misque
399 1426 447 1472 in
468 1426 768 1474 Achradinam
789 1427 844 1473 ad
870 1426 1040 1473 curiam
1070 1425 1301 1472 convenit.
1331 1425 1393 1472 ibi
1410 1442 1496 1488 pro
1550 1442 1554 1446 ’

212 1500 490 1547 Concordiae
511 1517 586 1547 ara
602 1536 615 1558 ‚
645 1517 747 1563 quae
777 1499 824 1545 in
843 1516 900 1545 eo
921 1499 999 1545 sita
1015 1498 1123 1545 loco
1146 1510 1268 1557 erat,
1301 1515 1354 1544 ex
1373 1498 1498 1561 prin·

209 1570 385 1635 cipibus
415 1589 529 1619 unus
566 1573 753 1619 nomine
780 1572 1027 1637 Polyaenus
1060 1572 1335 1619 concionem
1364 1573 1414 1618 &
1439 1571 1497 1617 Ii-

209 1644 361 1691 beram
390 1646 440 1693 &
469 1644 746 1692 moderatam
776 1644 958 1692 habuit:
994 1645 1274 1692 Servitudinis
1303 1646 1496 1706 indigni-

210 1720 383 1780 lausque
412 1721 598 1766 homines
630 1737 844 1781 expertos,
864 1721 1059 1782 adversus
1078 1736 1221 1766 notum
1251 1723 1410 1765 malum
1436 1719 1495 1766 ir·

212 1796 359 1840 ritatos
385 1791 469 1858 effi.
512 1794 747 1854 Discordia
785 1796 922 1840 civilis
956 1812 1059 1856 quas
1098 1797 1287 1854 importet
1326 1795 1496 1851 clades,

212 1866 367 1931 audffl
398 1871 534 1930 magis
556 1888 583 1914 a
604 1871 799 1930 patribus
815 1868 1104 1929 Syracusanos
1121 1901 1133 1920 ,
1159 1885 1281 1928 quam
1302 1866 1412 1926 ipsos
1429 1867 1499 1911 νὶ-

211 1941 326 2008 diſje.
378 1946 516 1989 Arma
547 1946 662 2005 quod
690 1944 859 2003 impigre
895 1944 1097 2002 ceperint,
1129 1942 1328 1985 laudare:
1361 1940 1499 2000 magis

213 2020 483 2064 laudaturum
501 2054 518 2073 ,
541 2017 593 2081 st
618 2035 704 2062 non
742 2031 949 2072 utantur,
991 2014 1075 2077 tufi
1103 2015 1250 2059 ultima
1276 2011 1499 2074 neceffltate

213 2091 357 2138 ιόαὲῗί.
399 2090 459 2137 In
472 2091 692 2152 praesentia
724 2093 879 2152 legatos
907 2091 967 2134 ad
994 2089 1354 2133 Andranodoram
1388 2086 1501 2131 νηὶιῐὶ

206 2169 368 2226 placere
386 2200 399 2222 ‚
448 2167 517 2225 qui
551 2163 827 2220 denuntient,
863 2177 910 2207 ut
947 2163 993 2206 in
1020 2160 1216 2226 potestate
1236 2158 1413 2219 senatus
1447 2175 1497 2203 ac

205 2241 355 2299 populi
371 2237 466 2301 stc:
494 2253 626 2297 portae
660 2237 812 2297 Insulae
829 2250 1007 2297 pateant
1015 2253 1036 2290 ,·
1072 2235 1228 2279 recedat
1247 2231 1500 2295 praesidium.

214 2314 266 2357 Si
290 2315 457 2356 tutelam
485 2313 613 2356 alieni
643 2313 756 2371 regni
775 2311 905 2369 ficum
929 2326 1096 2370 regnum
1114 2308 1212 2353 velit
1218 2304 1381 2364 facere,
1398 2322 1498 2349 eun-

214 2388 303 2431 dem
322 2385 371 2445 fi
399 2386 575 2446 cenfire,
601 2389 728 2431 multo
761 2387 897 2429 acrius
923 2385 976 2428 ab
1004 2381 1319 2428 Andranodoro
1336 2411 1351 2436 ,
1375 2395 1502 2438 quam

215 2460 269 2506 {ab
300 2460 592 2522 Hieronymo,
630 2460 753 2522 repeti
784 2459 1023 2505 libertatem.
1062 2453 1132 2503 Ab
1163 2452 1244 2501 hac
1270 2448 1502 2500 concione
