1628 2890
194 127 312 204 364·
540 101 1110 170 T1T1L1v11

193 233 317 281 urbis
351 232 398 279 in
432 230 652 277 orientem
694 228 829 277 verso
865 228 1092 291 imponit:
1137 223 1474 274 multitudinem

193 308 322 365 aliam
341 341 357 363 ,
392 321 486 368 quo
517 304 715 360 clamor,
751 319 844 367 quo
873 302 1013 349 subita
1045 301 1242 349 vocasset
1270 306 1370 358 res,
1406 299 1477 345 in-

195 390 363 424 tentam
390 377 444 423 ad
473 376 627 422 omnia
645 367 1046 436 occurrerejubet.
1073 374 1289 422 Patefaeffi
1316 372 1477 420 deinde

194 461 327 513 porta
347 485 360 507 ‚
388 466 492 508 eos,
523 465 640 512 quos
664 449 709 494 in
737 449 811 496 via
833 448 1003 494 ferente
1034 448 1089 495 ad
1119 447 1255 494 castra
1284 445 1479 492 hostium

195 521 459 569 instruxerat
477 557 491 577 ‚
516 521 666 568 mittit.
695 521 892 568 Romani
910 557 924 579 ‚
953 521 1065 566 duce
1094 519 1191 582 ipso
1216 519 1479 582 praecipien-

194 605 240 640 te
258 631 272 653 ,
290 609 529 656 parumper
550 592 710 639 ceffere
729 629 741 650 ,
769 606 818 638 ut
837 593 1075 655 propiores
1095 590 1293 637 subsidiis
1313 590 1360 635 in
1379 605 1480 636 cer-

197 664 365 713 tamine
384 663 481 726 ipso
504 663 813 710 submittendis
834 663 984 710 essent.
1005 667 1061 709 Et
1079 663 1228 726 primo
1253 662 1373 708 haud
1393 662 1483 707 im-

196 736 293 802 pari
322 737 477 784 stetere
505 737 600 784 acie
628 755 637 783 z
675 735 860 782 subsidia
890 736 1079 793 deinde,
1106 734 1348 781 identidem
1377 731 1482 778 sub-²

197 809 320 856 miffa
338 827 362 856 e
380 808 528 856 castris
543 844 556 866 ‚
577 825 672 854 non
692 819 954 854 averterunt
986 807 1132 854 solum
1159 806 1206 852 in
1231 805 1381 868 fugam
1400 804 1486 849 ho-

198 880 282 927 stes
299 917 312 939 ‚
348 880 421 926 sed
446 880 561 926 adeo
595 879 736 939 effusis
756 879 1040 936 institerunt,
1075 890 1153 935 ut,
1181 876 1261 922 nist
1288 873 1488 941 receptui

201 952 452 1009 cecinisset,
474 951 691 1014 *permixti
728 950 1000 1013 fugientibus
1032 949 1249 1012 irrupturi
1279 946 1404 993 fuiffe
1438 945 1488 991 in

200 1027 360 1074 urbem
396 1026 668 1074 viderentur.
705 1024 972 1087 Trepidatio
1002 1040 1115 1072 vero
1152 1039 1250 1068 non
1284 1019 1333 1067 in
1364 1035 1488 1082 proe-

201 1100 267 1149 lio
302 1099 474 1162 major,
508 1117 644 1164 quam
674 1112 771 1145 tota
811 1100 916 1146 urbe
950 1100 1049 1146 fuit.
1088 1098 1240 1144 multae
1274 1095 1490 1142 stationes

202 1190 378 1238 pavore
407 1185 539 1236 atque
574 1172 679 1235 fuga
706 1171 888 1218 desertae
921 1172 1047 1227 sunt,
1081 1171 1308 1232 relictique
1339 1169 1491 1225 muri;

204 1265 310 1295 cum
323 1283 337 1306 ,
353 1264 441 1310 qua
458 1246 622 1310 cuique
641 1257 734 1291 erat
749 1244 1010 1307 proximum
1022 1279 1036 1301 ,
1052 1241 1329 1290 desiluissent.
1346 1240 1490 1300 Quod

204 1320 283 1367 ubi
321 1319 511 1383 egressus
543 1318 695 1381 Scipio
735 1317 782 1365 in
816 1318 1070 1373 tumulum,
1110 1331 1243 1379 quem
1276 1313 1493 1360 Mercurii

204 1405 402 1450 vocant,
438 1391 780 1449 animadvertit,
807 1390 961 1437 multis
989 1389 1187 1452 partibus
1222 1386 1385 1433 nudata
1412 1386 1492 1431 de-
1559 1424 1562 1428 .

208 1466 461 1515 fensoribus
488 1464 656 1511 moenssa
675 1465 789 1519 effe3
820 1480 978 1509 omnes
999 1480 1021 1508 e
1050 1461 1195 1510 castris
1225 1459 1401 1507 excitos
1425 1459 1492 1506 ire

206 1539 263 1587 ad
281 1537 629 1601 oppugnandam
645 1536 801 1582 urbem
815 1571 829 1594 ‚
850 1536 899 1582 &
919 1533 1032 1580 ferre
1052 1532 1186 1580 scalas
1204 1531 1344 1595 jubet.
1375 1531 1494 1594 ipse,

208 1613 344 1660 trium
375 1629 466 1674 prae
492 1612 532 1658 se
554 1610 772 1672 juvenum
802 1608 1059 1655 validorum
1085 1606 1219 1654 scutis
1247 1603 1495 1669 oppositis,

211 1686 398 1752 (ingens
423 1686 542 1731 enim
564 1683 651 1744 jam
671 1683 740 1730 vis
768 1682 916 1731 omnis
949 1681 1121 1744 generis
1139 1679 1336 1726 telorum
1354 1695 1378 1725 e
1395 1689 1495 1724 mu-·

209 1760 268 1825 ris
302 1756 516 1821 volabat)
549 1758 605 1804 ad
634 1758 792 1804 urbem
819 1755 1044 1812 succedit,
1075 1754 1309 1811 hortatur,
1348 1751 1494 1813 impe-

210 1846 309 1891 rat,
342 1849 442 1897 quae
469 1833 515 1879 in
542 1849 634 1879 rem
665 1832 799 1887 sunt;
830 1829 1043 1893 quodque
1070 1827 1314 1890 plurimum
1345 1825 1399 1872 ad
1420 1841 1496 1872 ac·

212 1907 472 1955 cendendos
503 1905 699 1952 militum
728 1905 903 1953 animos
926 1903 1163 1960 intererat,
1190 1899 1307 1948 testis
1333 1899 1497 1963 speeta-

212 1991 378 2043 torque
408 1978 591 2026 virtutis
624 1990 758 2041 atque
779 1975 972 2041 ignaviae
1005 1974 1217 2037 cujusque
1242 1971 1374 2020 adest.
1407 1974 1496 2017 Ita-

215 2070 302 2116 que
332 2053 378 2098 in
411 2051 600 2099 vulnera
634 2067 686 2096 ac
720 2050 810 2096 tela
839 2059 1008 2104 ruunt3
1042 2062 1189 2110 neque
1218 2044 1322 2091 illos
1351 2043 1468 2090 muri
1479 2077 1496 2101 2

213 2141 359 2188 neque
378 2123 668 2188 superstantes
689 2123 844 2170 armati
867 2136 1018 2168 arcere
1045 2129 1241 2182 queunt,
1269 2117 1378 2180 quin
1401 2132 1500 2165 cere

214 2199 343 2245 ratim
364 2198 614 2245 ascendant.
648 2198 705 2243 Et
723 2196 778 2242 ab
802 2194 996 2242 navibus
1019 2193 1179 2240 eodem
1199 2205 1403 2252 ternpore
1421 2205 1498 2246 ea,

215 2289 316 2335 quae
338 2271 449 2317 mari
474 2271 656 2318 alluitur
672 2306 683 2327 ‚
707 2286 808 2333 pars
832 2268 955 2315 urbis
978 2265 1231 2330 oppugnari
1250 2274 1398 2324 coepta
1419 2260 1498 2308 est,

215 2347 430 2393 Ceterum
451 2343 668 2390 tumultus
698 2342 800 2388 inde
820 2340 990 2402 major,
1016 2354 1149 2401 quam
1169 2335 1266 2394 vis,
1297 2333 1499 2381 adhiberi

219 2432 414 2485 poterat.
443 2419 551 2467 dum
568 2416 793 2482 applicant
808 2451 826 2473 2
847 2415 957 2463 dum
972 2412 1132 2477 partim
1153 2420 1387 2476 exponunt
1406 2407 1499 2457 sca«,
