1628 2890
209 157 298 190 200
568 139 1124 190 T1T1L1V11

205 249 401 297 clamore
431 244 484 292 ad
515 261 635 291 arma
656 243 898 291 discursum
927 245 1015 303 est,
1045 260 1094 292 ut
1122 258 1335 309 praetores
1363 248 1479 296 inter

204 320 444 367 tumultum
479 316 631 379 pavidi
666 317 1024 378 adequitaverint
1058 320 1324 381 Syracusas:
1345 321 1394 367 &
1423 338 1481 367 ne

205 396 308 457 fuga
328 390 508 454 quidem
535 405 691 435 eorum
711 388 868 436 seditio
897 383 1141 452 ’compressa
1160 391 1245 448 est,
1269 391 1482 454 impetus-

205 482 293 529 que
313 463 359 508 in
377 459 682 524 Syracusanos
698 461 859 507 milites
877 460 1054 510 fiebant.
1089 479 1171 510 nec
1187 465 1240 510 ab
1259 465 1352 511 ullo
1372 477 1481 512 tem-

205 548 409 600 peratum
438 532 582 589 foret,
601 532 649 578 ni
671 533 894 595 Epicydes
925 547 1057 598 atque
1081 535 1375 598 Hippocrates
1403 537 1483 584 irae

206 606 502 657 multitudinis
521 605 707 653 obviam
732 606 859 653 iffent
882 625 892 654 :
916 624 1010 653 non
1032 625 1054 654 a
1081 607 1380 656 misericordia
1409 623 1484 658 aut

206 683 409 729 humano
433 679 623 727 consilio
639 714 653 737 ‚
676 677 749 725 sed
778 696 833 725 ne
861 679 979 742 spem
1002 680 1166 727 reditus
1193 682 1486 744 praeciderent

206 759 320 813 fibi;
351 758 427 813 &,
459 771 562 801 cum
599 753 716 814 ipsos
751 754 878 800 simul
904 754 1065 801 milites
1100 754 1213 803 fidos
1248 757 1483 815 haberent,

209 830 339 879 fimul
363 827 561 883 obfides,
583 838 677 872 tum
712 838 933 890 cognatos
957 844 1142 890 quoque
1167 845 1323 876 eorum
1354 843 1485 893 atque

209 905 382 952 amicos
418 912 546 947 tanto
590 897 752 945 merito
790 899 1010 960 primum,
1046 898 1147 946 dein
1184 901 1372 964 pignore
1405 901 1487 949 fibi

187 976 535 1027 conciliarent:
558 972 841 1036 expertique,
864 990 998 1036 quam
1016 990 1134 1020 vana
1160 991 1238 1021 aut
1263 975 1357 1022 levi
1380 993 1486 1025 aura

208 1050 381 1100 mobile
403 1047 565 1110 vulgus
599 1046 724 1101 effer,
752 1045 939 1092 militem
965 1046 1078 1093 naffi
1107 1063 1163 1093 ex
1189 1063 1245 1094 eo
1266 1060 1452 1096 numero
1469 1085 1484 1110 ,

209 1125 294 1179 qui
326 1124 373 1170 in
406 1119 639 1169 Leontinis
675 1118 938 1166 circumseffi
964 1131 1116 1177 erant,
1136 1120 1410 1180 subornant,
1437 1135 1488 1170 ut

209 1195 444 1261 Syracusas
461 1192 675 1255 perferret
694 1190 902 1238 nuntium
923 1190 1272 1239 convenientem
1289 1192 1372 1251 eis,
1388 1211 1489 1257 quae

211 1271 268 1317 ad
289 1269 462 1331 Mylam
485 1266 591 1312 falso
619 1265 819 1312 nuntiata
839 1276 985 1319 erant3
1007 1264 1324 1328 austoremque
1342 1265 1383 1312 se
1405 1283 1488 1313 ex-

212 1343 437 1397 hibendo,
457 1357 507 1387 ac
527 1339 652 1386 velut
670 1337 781 1397 visa,
801 1355 902 1401 quae
919 1336 1053 1386 dubia
1070 1342 1218 1396 erant,
1238 1341 1488 1429 narrando,
1515 1348 1517 1350 ’

212 1416 468 1465 concitaret
486 1414 569 1460 iras
586 1411 835 1459 hominum.

278 1488 470 1534 XXXII.
500 1484 617 1531 Huic
636 1500 731 1530 non
752 1482 867 1545 apud
883 1481 1071 1546 vulgum
1093 1481 1236 1529 modo
1252 1481 1360 1529 fides
1377 1481 1490 1543 fuit,

154 1550 157 1552 .
213 1560 290 1608 sed
321 1560 515 1606 senatum
541 1576 600 1619 qu
606 1575 730 1621 oque
762 1557 807 1604 in
831 1556 994 1605 curiam
1025 1557 1302 1604 introduEtus
1325 1559 1490 1607 movit.

214 1633 333 1680 haud
368 1631 469 1680 vani
504 1630 686 1693 quidam
723 1630 929 1677 homines
964 1628 1107 1692 palam
1139 1627 1286 1687 serre,
1318 1634 1488 1691 perbene

215 1709 426 1751 decefiams
445 1708 490 1749 in
523 1707 735 1749 Leontinis
768 1702 837 1764 effi:
871 1706 1097 1748 avaritiam
1134 1699 1177 1748 6·
1212 1705 1489 1750 crudelitatem

214 1782 515 1826 Romanorum.
548 1782 733 1841 eadem„
757 1799 773 1823 ι
796 1775 1007 1839 ἱνιινιζθὲπε
1032 1777 1292 1836 Syracusas,
1317 1792 1389 1822 auc
1402 1776 1492 1834 fae-

215 1855 339 1898 diora
367 1856 516 1907 etiam,
545 1869 622 1910 quo
654 1843 795 1907 majus
824 1853 881 1895 ibi
912 1852 1096 1896 avaritiae
1123 1852 1340 1909 praemium
1373 1849 1493 1912 effet,

206 1925 398 1983 *sistus-os
415 1923 557 1985 fui-[1⁷2³.
592 1925 742 1984 ltaque
773 1921 1038 1968 claudendas
1063 1922 1209 1968 cunfli
1236 1934 1419 1983 portas,
1442 1923 1494 1970 &

216 1995 553 2044 custodiendam
582 1995 736 2042 urbem
775 1993 966 2042 censere.
1002 1993 1074 2040 sed
1107 2011 1201 2040 non
1240 1995 1294 2041 ab
1329 1994 1491 2041 eisdem

216 2085 375 2115 omnes
394 2067 572 2126 timere,
592 2084 673 2114 nec
689 2066 863 2114 eosdem
884 2066 1034 2113 odifl'e.
1067 2067 1122 2112 ad
1141 2065 1330 2113 militare
1352 2081 1494 2127 genus

215 2156 353 2187 omne
374 2153 632 2202 partemque
658 2157 863 2202 magnam
895 2137 1035 2201 plebis
1066 2137 1259 2184 invisum
1291 2137 1375 2184 effe
1405 2155 1493 2185 no-

216 2229 321 2259 men
356 2213 625 2260 Romanum.
662 2214 878 2258 Praetores
916 2210 1292 2273 optimatiumque
1326 2210 1492 2272 pauci,

216 2298 477 2344 quanquam
495 2281 756 2328 inflammati
778 2298 901 2328 vano
920 2281 1082 2327 nuntio
1103 2292 1250 2336 erant,
1271 2292 1417 2326 tamen
1437 2281 1495 2327 ad

214 2351 403 2414 propius
424 2351 764 2414 praesentiusque
784 2352 951 2398 malum
976 2351 1197 2399 cautiores
1215 2351 1311 2398 effe.
1332 2353 1386 2397 Et
1404 2351 1492 2412 jam

216 2422 274 2474 ad
291 2423 578 2492 Hexapylum
597 2436 722 2472 erant
749 2423 1050 2491 Hippocrates
1074 2434 1207 2490 atque
1233 2423 1457 2488 Epicydes
1478 2439 1492 2471 :
