1628 2890
251 123 318 188 84

378 308 581 367 TITI
633 307 876 367 LIVII
925 307 1404 368 PATAVINI

249 455 1534 579 HISTORIARUM

480 712 579 760 AB
632 712 844 760 URBE
899 711 1300 760 CONDITA

521 861 867 918 LIBER
941 861 1257 920 XXIII.

236 1000 1530 1038 b———u———ffl——u--c

634 1138 678 1193 E
714 1138 754 1193 P
789 1139 813 1192 I
845 1136 981 1194 TO
1019 1138 1080 1193 M
1114 1138 1159 1193 E

415 1259 622 1302 LIBRI
673 1259 1028 1302 VIcESIMI
1073 1260 1355 1301 TERTII.

243 1376 429 1429 Campani
448 1376 496 1416 ad
514 1374 777 1416 Hannibalem
801 1374 1039 1414 defecerunt.
1063 1374 1230 1415 Nuntius
1253 1375 1455 1416 Cannensis
1467 1377 1531 1416 vi·-

296 1441 424 1480 ctoriae
446 1440 565 1490 Mago
590 1430 860 1490 Carthagineni
880 1438 1031 1486 missus,
1054 1439 1215 1479 annulos
1239 1453 1373 1480 aureos
1389 1455 1410 1480 a
1426 1442 1529 1492 digi-
1563 1466 1567 1468 -

294 1503 345 1541 tis
372 1500 586 1540 occisorum
610 1501 878 1541 Romanorum
903 1503 1116 1548 detraCIos,
1139 1501 1179 1540 in
1200 1501 1386 1542 vestibulo
1415 1503 1527 1544 curiae

291 1565 454 1606 effudit:
482 1579 577 1615 quos
606 1565 799 1606 excessisse
831 1566 951 1605 modii
981 1565 1197 1605 mensuram
1228 1567 1400 1607 traditur.
1442 1568 1527 1607 Post

292 1641 409 1678 quem
435 1629 616 1666 nuntium
645 1628 786 1667 Hanno
802 1658 813 1675 7
839 1629 896 1666 vir
917 1641 964 1666 ex
987 1627 1112 1667 Poenis
1137 1626 1412 1677 nobffiffimus,
1436 1628 1528 1668 sua·

292 1689 411 1729 debat
431 1689 578 1728 senatui
606 1689 973 1740 Carthaginiensium
986 1720 996 1737 ,
1017 1697 1059 1728 ut
1078 1701 1213 1739 pacem
1232 1702 1252 1728 a
1279 1689 1424 1740 populo
1442 1691 1528 1730 Ro-

290 1767 409 1794 mano
429 1762 602 1804 peterent
621 1767 629 1793 :
649 1766 721 1792 nec
736 1754 881 1803 tenuit,
905 1753 1146 1804 obstrepente
1170 1754 1329 1794 Barcina
1345 1753 1526 1796 fastione.

288 1816 476 1856 Claudius
497 1814 703 1856 Marcellus
721 1825 859 1865 praetor
878 1815 926 1854 ad
943 1814 1111 1863 Nolam,
1128 1815 1328 1865 eruptione
1348 1815 1526 1856 adversus

287 1877 551 1919 Hannibalem
567 1891 614 1916 ex
632 1877 777 1928 oppido
794 1876 895 1916 faeta
910 1906 920 1924 ‚
946 1876 1122 1926 prospere
1143 1876 1341 1927 pugnavit.
1365 1877 1525 1916 Exerci-

288 1949 353 1980 tus
382 1939 608 1981 Hannibalis
633 1953 701 1990 per
722 1938 883 1977 hiberna
909 1938 1050 1989 Capuae
1077 1938 1130 1977 ita
1153 1937 1363 1977 luxuriatus
1383 1939 1455 1987 est,
1480 1947 1524 1978 ut

286 2015 498 2053 corporum
520 2001 664 2040 viribus
680 2010 795 2051 atque
812 2000 1028 2039 animorum
1047 2007 1300 2039 enervaretur.
1319 1999 1523 2041 Calilinum

288 2078 312 2103 a
339 2064 465 2104 Poenis
482 2063 692 2110 obsess‘um,
716 2063 769 2101 ita
792 2061 897 2100 fame
917 2068 1099 2099 vexatum
1116 2061 1190 2108 est,
1215 2070 1257 2100 ut
1277 2060 1357 2100 lora
1384 2062 1419 2100 Sc
1435 2061 1525 2111 pel-

282 2125 342 2165 les
358 2125 471 2165 scutis
490 2126 698 2173 detraxeras,
718 2125 811 2163 item
837 2135 961 2162 mures
976 2153 986 2171 ,
1010 2122 1147 2171 essent3
1178 2124 1213 2162 8<
1237 2124 1400 2162 nucibus
1415 2153 1426 2171 ,
1455 2137 1524 2174 per

283 2187 520 2226 Vulturnum
545 2201 698 2226 amnem
723 2200 744 2225 a
773 2186 960 2226 Romanis
988 2184 1123 2234 millis,
1154 2186 1331 2227 vixerint.
1362 2187 1523 2225 Senatus

233 2239 238 2246 ¹
283 2263 332 2290 ex
356 2251 518 2300 equestri
549 2251 682 2289 ordine
699 2249 926 2288 hominibus
950 2257 1107 2287 eentum
1138 2248 1348 2298 nonaginta
1376 2248 1522 2298 septem

281 2311 483 2362 suppletus
509 2311 571 2350 est.
591 2312 631 2351 L.
655 2311 866 2351 Postumius
887 2319 1023 2361 praetor
1047 2323 1068 2348 a
1093 2309 1210 2350 Gallis
1237 2323 1326 2348 cum
1348 2310 1522 2350 exercitu

284 2373 404 2414 caesus
433 2373 495 2413 est.
523 2374 593 2413 Cn.
622 2375 655 2413 ἃ
681 2374 718 2413 Ρ.
737 2374 942 2423 Scipiones
964 2373 1003 2411 in
1030 2372 1212 2423 Hispania
1239 2372 1521 2412 Hasdrubalem

285 2436 480 2486 vicerunt,
500 2437 536 2478 S<
559 2435 783 2487 Hispaniam
805 2434 912 2476 suam
929 2435 1115 2476 fecerunt.
1145 2435 1330 2487 Reliquiae
1346 2435 1524 2476 Cannen-
