1628 2890
199 160 779 212 ‘HISTORIARUM
829 159 955 206 ΜΒ.
1004 155 1173 204 xxv.
1273 144 1364 218 2⁴39

81 275 203 331 vias,
224 272 628 338 perlustrarentque
650 267 805 316 omnia
835 265 981 314 oculis
997 301 1011 323 ,
1036 280 1092 310 ne
1115 261 1213 327 quis
1238 278 1366 325 agre-

81 348 210 395 stium
244 343 407 410 procul
443 342 662 406 spectator
693 339 882 404 agminis
917 337 1120 393 falleret3
1155 332 1368 399 praegres·

82 419 154 466 sos
174 417 478 473 retraherent,
509 414 679 461 obvios
707 411 1001 467 occiderent,
1029 421 1079 457 ut
1100 407 1370 472 praedonum

82 491 222 556 magis
239 526 253 549 ,
277 506 411 552 quam
438 486 663 534 exercitus
679 520 693 543 ,
715 483 884 531 accolis
908 481 1075 545 species
1097 480 1218 529 effet.
1255 479 1371 542 ipse,

81 563 245 626 raptim
265 560 439 625 agmine
466 561 592 619 acio,
619 555 879 621 quindecim
903 555 1041 601 ferme
1061 554 1251 600 millium
1273 552 1373 616 spa-

83 639 151 685 tio
168 636 305 684 castra
321 636 376 683 ab
389 636 593 682 Tarento
618 630 790 695 posuit:
812 632 863 678 &
875 667 887 690 ,
905 630 1035 677 neibi
1053 629 1235 693 quidem
1258 644 1375 674 nun·

83 710 228 770 tiato,
261 725 358 774 quo
396 716 659 771 pergerent,
692 715 864 751 tantum
888 713 1176 751 convocatos
1208 699 1374 747 milites

83 782 294 839 monuit,
316 781 391 828 via
418 794 576 826 omnes
604 776 722 823 irent
738 793 752 832 3
784 791 868 823 nec
894 774 1064 822 diverti
1094 788 1374 836 quenquam,

85 868 163 903 aut
197 854 413 902 excedere
447 852 655 899 ordinem
692 847 883 913 agminis
918 859 1207 910 paterentur,
1244 847 1294 893 δε
1326 846 1375 893 in

86 931 242 994 primis
279 929 444 976 intenti
476 928 531 974 ad
561 925 748 989 imperia
783 923 1047 986 accipienda
1080 921 1246 977 effent3
1288 938 1377 968 neu

85 1005 196 1068 quid
227 1004 307 1053 nifi
329 1004 494 1050 ducum
518 1000 632 1063 juffu
651 999 850 1046 facerent
870 1015 880 1043 :
916 995 958 1043 se
982 995 1029 1041 in
1052 1006 1258 1057 tempore
1281 995 1378 1040 edi-

85 1090 237 1124 turum
257 1113 271 1135 ,
305 1094 405 1142 quae
430 1074 570 1122 vellet
599 1072 684 1138 agi.
714 1072 877 1119 Eadem
900 1070 1040 1117 ferme
1067 1069 1180 1115 hora
1204 1070 1378 1116 Taren-

85 1159 182 1192 tum
207 1146 322 1192 fama
351 1156 648 1208 pervenerat,
669 1143 888 1190 Numidas
912 1142 1083 1205 equites
1104 1157 1274 1204 paucos
1294 1157 1378 1203 po·

87 1218 234 1282 pulari
264 1234 426 1282 agros,
454 1229 761 1279 terroremque
791 1215 878 1261 late
905 1212 1145 1278 agrestibus
1165 1210 1378 1275 injeciss'e.

89 1291 160 1337 Ad
183 1307 320 1354 quem
350 1290 560 1337 nuntium
590 1288 700 1335 nihil
720 1287 836 1335 ultra
853 1299 1003 1335 motus
1034 1284 1269 1349 praefectus
1284 1286 1380 1331 Ro-

87 1360 275 1431 manus,
296 1379 432 1427 quam
464 1376 512 1409 ut
542 1374 716 1425 partem
735 1361 937 1424 equitum
967 1359 1149 1423 postero
1180 1359 1251 1405 die
1280 1359 1380 1405 luce

89 1435 234 1500 prima
266 1436 443 1498 juberet
481 1436 604 1481 exire
643 1433 698 1480 ad
736 1432 976 1478 arcendum
1007 1430 1382 1494 populationibus

89 1509 281 1556 hostem.
322 1509 370 1555 in
406 1521 553 1555 cetera
587 1506 701 1553 adeo
741 1504 853 1550 nihil
890 1505 952 1550 ob
989 1503 1035 1549 id
1066 1503 1237 1550 intenta
1275 1520 1382 1549 cura

88 1581 180 1641 est,
214 1593 266 1629 ut
295 1594 454 1629 contra
488 1596 575 1643 pro
607 1590 874 1642 argumento
911 1576 1046 1623 fuerit
1080 1576 1157 1623 illa
1188 1592 1382 1639 procur-

89 1654 201 1702 satio
239 1654 569 1711 Numidarum,
601 1650 902 1697 Hannibalem
932 1649 1272 1712 exercitumque
1309 1666 1382 1696 ca-

90 1726 187 1774 stris
221 1743 319 1773 non
351 1725 557 1772 moviffe.
595 1722 825 1771 Hannibal
857 1720 1082 1769 concubia
1110 1722 1244 1770 nocie
1278 1738 1383 1768 mo-

90 1803 176 1851 vit.
205 1803 296 1849 dux
331 1801 616 1848 Philemenus
646 1811 773 1857 erat,
809 1815 912 1845 cum
939 1796 1076 1843 solito
1115 1809 1258 1859 captae
1295 1815 1382 1844 ve-

91 1874 287 1924 nationis
309 1890 462 1941 onere.
490 1872 627 1920 ceteri
654 1871 913 1935 proditores
933 1887 1013 1928 ea,
1046 1887 1148 1933 quae
1182 1886 1383 1932 compo-

92 1948 171 1994 sita
185 1959 312 1994 erant
326 1982 340 2005 ,
362 1945 687 2008 exspectabant.
707 1944 1002 1990 Convenerat
1019 1955 1188 1999 autem,
1209 1954 1258 1989 ut
1279 1942 1384 1988 Phi-

93 2021 293 2067 lemenus
309 2055 324 2078 ,
358 2019 540 2082 portula
564 2017 725 2063 assueta
748 2016 1041 2063 venationem
1062 2014 1257 2061 inferens
1274 2050 1288 2073 ,
1310 2032 1382 2061 ar-

93 2107 241 2142 matos
269 2094 523 2141 induceret:
560 2104 685 2156 parte
716 2091 799 2138 alia
820 2104 998 2153 portam
1015 2089 1264 2136 Temenida
1287 2089 1384 2135 adi-

93 2182 162 2216 ret
194 2167 433 2216 Hannibal.
478 2168 541 2212 Ea
579 2165 900 2212 mediterranea
936 2163 1122 2225 regione
1160 2162 1384 2209 orientem

95 2242 329 2305 spectabat.
373 2242 653 2305 aliquantum
692 2241 806 2286 intra
858 2237 1029 2285 moenia
1073 2236 1384 2283 includuntur.

96 2318 217 2364 Cum
252 2327 395 2380 portae
427 2312 837 2379 appropinquaret,
865 2312 1009 2359 editus
1029 2328 1086 2357 ex
1121 2311 1382 2374 composito

97 2393 211 2456 ignis
233 2394 288 2439 ab
314 2392 564 2439 Hannibale
589 2390 650 2437 est
667 2427 680 2449 ,
713 2389 985 2452 refulsitque.
1014 2387 1133 2435 idem
1159 2386 1383 2434 redditum

101 2466 156 2514 ab
179 2466 360 2515 Nicone
379 2466 579 2531 signum:
601 2465 825 2514 exstinCtae
845 2463 1005 2511 deinde
1022 2463 1233 2526 utrinque
1253 2458 1383 2506 flam-
