1628 2890
284 152 831 202 HISTORIARUM
871 155 996 201 LIB.
1035 155 1244 205 XXHL
1347 175 1401 220 91

125 263 295 310 militem
318 264 459 309 trahit.
496 261 625 308 Hune
641 298 655 321 ,
685 279 838 311 natura
868 263 911 312 Θ
926 267 1109 312 moribus
1127 266 1321 313 immitem
1330 267 1407 326 ft·

123 354 289 397 rumque
303 370 317 394 ,
349 335 516 395 insuper
531 338 623 381 dux
647 337 730 396 ipse
758 336 965 400 efferavit,
986 340 1187 398 pontibus
1211 359 1260 385 ac
1281 343 1408 385 inoli-

124 411 200 453 bus
219 427 272 454 ex
292 410 567 454 humanorum
586 427 796 470 corporum
810 410 924 474 strue
941 410 1158 469 faciendis
1173 447 1187 468 ,
1207 410 1251 457 fr
1273 413 1411 473 (quod

117 485 311 543 proloqui
339 486 462 528 etiam
483 481 631 546 piget)
659 483 766 543 vesei
782 486 981 530 lzumanis
999 489 1233 546 corporibus
1256 490 1408 533 docen-

123 557 190 600 do.
215 555 310 601 Hos
323 590 338 611 ‚
365 555 560 613 infandis
574 557 714 621 pastos
732 558 889 615 epulis,
912 575 1015 617 quos
1035 561 1264 620 contingere
1281 562 1406 605 etiam

122 627 243 686 nefas
258 629 324 692 sit
338 662 351 684 ‚
385 631 517 674 videre
540 644 660 689 atque
679 630 820 674 habere
840 631 1035 675 dominos
1050 665 1064 687 ,
1101 628 1144 675 ὃ·
1176 651 1229 677 ex
1249 632 1405 691 Africa

120 701 163 749 ὅ·
182 722 209 748 a
229 705 475 764 Carthagine
483 703 589 759 jura
600 718 732 763 petere
747 738 762 759 ,
786 700 829 748 δ’
850 705 1024 748 Italiam
1047 707 1328 751 Numidarum
1355 724 1405 754 ac

120 778 368 821 Maurorum
379 779 477 836 pati
493 777 754 836 provinciam
785 773 888 838 effi,
918 779 985 821 cui
1010 794 1121 833 non,
1153 781 1290 838 genito
1311 798 1403 824 mo-

120 849 174 892 do
192 850 239 892 in
255 849 387 893 Italia
404 882 417 904 ,
446 849 672 913 detestabile
689 846 783 909 sit?
803 849 1029 892 Pulchrum
1049 850 1147 903 erit,
1169 850 1406 907 Campani,

113 922 358 981 prolapsum
386 923 501 967 clade
522 924 768 967 Romanum
802 923 1015 981 imperium
1048 922 1177 987 vestra
1193 924 1312 980 fide,
1334 942 1404 968 ve-

109 995 211 1060 stris
228 997 385 1041 viribus
404 1011 598 1041 retentum
625 1013 676 1040 ac
700 1012 970 1056 recuperatum
987 992 1074 1057 effi.
1098 996 1291 1056 Triginta
1308 999 1403 1040 mil-

120 1068 181 1110 lia
205 1070 395 1125 peditum
415 1102 428 1123 ‚
464 1083 641 1128 quatuor
666 1071 848 1129 equitum
875 1070 1054 1113 arbitror
1078 1085 1131 1112 ex
1167 1069 1404 1127 Campania

105 1137 239 1197 firibi
267 1138 396 1201 poffi.
422 1139 518 1196 jam
543 1144 730 1201 pecuniae
758 1138 923 1205 affatim
953 1140 1004 1205 est
1019 1139 1317 1200 frumentique.
1351 1142 1403 1184 Si

110 1229 255 1270 parem
268 1212 454 1270 fortunae
481 1214 612 1278 vestrae
633 1214 764 1273 fidem
794 1216 952 1260 habetis
971 1248 986 1270 ,
1015 1231 1087 1259 nec
1106 1213 1337 1258 Hannibal
1347 1214 1401 1273 se

116 1283 251 1349 viciffiz
263 1287 439 1346 sentiet,
469 1307 540 1334 nee
559 1289 746 1334 Romani
763 1287 890 1334 vic‘los
911 1285 995 1352 effe.
1024 1327 1027 1330 ,

181 1362 258 1406 VI.
293 1361 390 1407 Hac
410 1363 618 1408 oratione
647 1361 843 1409 consulis
879 1361 1060 1408 dimiffis
1087 1361 1401 1408 redeuntibus-

114 1428 208 1491 ‘que
238 1434 426 1478 domum
447 1434 627 1497 legatis,
664 1451 781 1481 unus
813 1451 870 1481 ex
892 1434 972 1491 iis,
1004 1434 1167 1481 Vibius
1188 1433 1363 1481 Virrius
1383 1469 1399 1490 ,

120 1508 298 1566 Tempus
315 1505 460 1570 veniſjf}
475 1542 489 1562 ,
515 1507 575 1553 ait
589 1543 601 1564 ,
630 1526 708 1569 quo
733 1509 954 1569 Campani-
967 1527 1053 1554 non
1071 1526 1216 1570 agrum
1225 1509 1371 1569 sblum
1382 1543 1399 1564 ,

115 1583 168 1626 ab
187 1584 393 1626 Romanis
418 1585 627 1642 quondam
644 1601 721 1643 per
747 1582 946 1638 injuriam
967 1584 1201 1639 ademtam,
1236 1600 1399 1642 recupe-

116 1673 229 1710 rare,
252 1655 337 1715 fi’d
366 1657 535 1715 imperio
564 1660 688 1702 etiam
720 1659 856 1702 Italiae
882 1657 1016 1716 patiri
1038 1654 1204 1717 paffint.
1244 1658 1285 1699 F
1283 1658 1399 1701 oedus

116 1729 224 1771 enim
251 1746 342 1772 cum
369 1730 637 1785 Hannibale,
661 1731 808 1789 quibus
837 1732 966 1774 velint
988 1730 1168 1789 legibus,
1190 1727 1397 1785 fac‘luros.

115 1814 239 1859 neque
256 1802 572 1866 controversiam
587 1802 683 1861 fore
696 1838 708 1857 ‚
740 1805 840 1863 quin
854 1838 868 1859 ,
887 1820 978 1848 cum
995 1802 1079 1861 ipfi'
1097 1799 1274 1858 confeflo
1293 1802 1398 1845 bello

53 1892 58 1893 ⁷
115 1873 344 1917 Hannibal
358 1872 486 1919 vic-‘lor
504 1877 551 1918 in
567 1874 764 1933 Africam
793 1877 959 1920 decedat
973 1908 986 1930 ‚
1012 1875 1305 1931 exercitumque
1323 1874 1397 1915 de·-

107 1955 267 1999 portet,
298 1944 433 1993 Italiae
466 1946 680 2003 imperium
718 1947 946 2004 Campanis
979 1943 1241 2002 relinquatur.
1283 1940 1396 1984 Haee

116 2011 270 2057 Virrio
296 2012 501 2075 loquenti
526 2014 675 2061 affenfi
701 2031 886 2072 omnes,
906 2015 968 2060 ita
988 2012 1246 2059 renuntiant
1272 2010 1397 2072 lega-

115 2082 310 2140 tionem,
324 2085 391 2130 uti
416 2085 610 2132 deletum
630 2087 842 2133 omnibus
863 2086 1093 2132 videretur
1111 2099 1278 2128 nomen
1297 2083 1397 2128 Ro-

114 2171 311 2202 manum.
345 2158 585 2220 Extemplo
615 2158 766 2220 plebes
800 2159 856 2205 ad
884 2156 1179 2204 defeffionem
1214 2171 1264 2200 ac
1294 2170 1395 2215 pars

112 2226 257 2288 major
286 2228 459 2275 senatus
489 2231 695 2292 speRare.
725 2231 919 2278 extraRa
947 2242 1117 2285 tamen,
1152 2226 1396 2272 austerita-

113 2300 228 2346 tibus
251 2299 474 2349 seniorum
490 2339 504 2362 ‚
525 2321 603 2366 per
632 2321 804 2367 paucos
830 2304 920 2350 dies
952 2303 1013 2349 est
1036 2319 1129 2355 res:
1160 2300 1392 2364 postremo

112 2371 226 2417 vicit
260 2373 472 2420 sententia
509 2375 732 2437 plurium,
767 2388 817 2423 ut
851 2376 986 2422 iidem
1026 2376 1188 2440 legati,
1224 2375 1300 2437 qui
1337 2373 1394 2419 ad

112 2442 341 2492 consulem
368 2447 625 2496 Romanum
651 2449 818 2509 ierant,
838 2451 892 2497 ad
917 2449 1213 2497 Hannibalem
1243 2449 1393 2496 mitte-
