1628 2890
209 196 787 249 HISTORIARUM
834 196 968 243 LIB.
1006 194 1198 241 XXIV.
1273 192 1360 254 187

78 308 212 374 legati
233 307 345 355 miffi
376 305 491 354 sunt.
529 305 714 350 Senatus
745 301 850 349 inde
879 300 1032 348 haberi
1056 311 1234 364 coeptus
1267 298 1328 345 est
1348 316 1363 346 τ

79 382 209 446 quod
250 380 393 438 ficut,
428 389 642 443 regnante
683 376 918 434 Hierone,
954 373 1173 422 manserat
1206 372 1363 436 'publi-

81 473 186 503 cum
214 453 483 510 confilium,
518 452 578 498 ita
608 449 710 514 post
745 461 939 498 mortem
971 449 1066 511 ejus
1087 485 1100 507 ‚
1134 462 1235 495 ante
1266 462 1365 494 eam

81 528 228 588 diem,
257 526 380 575 nulla
410 527 463 573 de
492 541 538 571 re
568 539 714 587 neque
746 521 1027 581 convocati,
1065 537 1210 585 neque
1247 536 1366 568 con-

82 600 186 648 sulti
219 600 407 647 fuerant.
454 601 518 646 Ut
547 609 734 644 ventum
767 597 824 643 ad
856 595 1240 643 Andranodorum
1273 591 1366 646 est,

81 672 222 737 ipsum
259 673 439 737 quidem
471 670 685 718 movebat
722 670 771 716 &
808 668 979 715 civium
1011 665 1280 722 consensus,
1314 665 1367 711 δε

83 763 188 793 cum
212 745 308 793 aliae
335 755 567 808 occupatae
586 741 709 788 urbis
738 752 910 804 partes,
929 751 1024 786 tum
1048 757 1153 802 pars
1183 736 1368 796 Insulae,

85 819 213 866 velut
230 817 540 873 munififfima,
559 813 738 878 prodita
759 825 890 878 atque
907 812 1109 860 alienata.
1143 812 1227 859 Sed
1251 826 1368 857 evo-

84 905 231 941 catum
261 908 361 938 eum
386 891 441 937 ab
461 888 615 954 legatis
642 888 888 934 Damarata
914 903 1064 944 uxor,
1093 884 1184 932 filia
1203 883 1369 930 Hiero-

84 968 184 1026 nis,
215 965 367 1014 inflata
393 965 535 1012 adhuc
564 961 695 1027 regiis
729 959 889 1008 animis
924 976 973 1007 ac
1000 956 1207 1005 muliebri
1241 956 1369 1019 spiri-

84 1052 162 1100 tu,
197 1039 411 1087 admonet
438 1037 550 1100 saepe
579 1035 799 1097 usurpatae
826 1030 1048 1096 Dionysii
1073 1029 1260 1094 tyranni
1278 1045 1371 1076 vo-

87 1114 177 1161 cis:
208 1130 324 1176 qua,
350 1113 528 1174 pedibus
557 1110 757 1165 trac‘lum,
788 1126 874 1159 non
904 1105 1142 1170 insidentem
1167 1122 1292 1164 equo,
1313 1120 1372 1148 re·⁸

86 1190 262 1248 linquere
293 1187 559 1247 tyrannidem
578 1217 592 1240 ,
623 1177 806 1238 dixerit,
834 1180 980 1223 debere.
1016 1178 1153 1221 Facile
1181 1173 1256 1239 effe
1284 1192 1372 1220 mo-

87 1276 250 1315 mento,
279 1277 359 1320 quo
389 1260 483 1319 quis
507 1258 629 1312 velit,
666 1256 795 1301 cedere
816 1250 1057 1316 poffiffione
1088 1266 1247 1312 magnae
1270 1247 1374 1307 sbr-

63 1349 195 1380 *tunae
213 1349 229 1376 .·
254 1331 393 1390 facere
429 1326 471 1375 δ’
500 1346 651 1388 parare
682 1345 771 1373 eam
790 1360 804 1383 ,
836 1326 1007 1388 dzfficile
1040 1338 1157 1383 atque
1193 1323 1372 1367 arduum

87 1405 172 1469 effe.
210 1407 398 1450 Paulum
422 1403 605 1464 sumeret
620 1400 758 1461 spatii
790 1401 851 1444 ad
884 1398 1203 1457 conficltandum
1232 1396 1284 1439 ab
1316 1398 1372 1439 le-

88 1483 214 1545 gatis.
243 1498 288 1526 eo
315 1492 490 1524 uteretur
517 1478 578 1522 ad
601 1471 855 1538 arceffendos
879 1492 932 1518 ex
953 1472 1167 1518 Leontinis
1196 1471 1374 1514 milites.-

88 1556 237 1614 qnibus
254 1551 305 1616 st
315 1551 536 1611 pecuniam
571 1550 723 1610 regiam
748 1548 966 1608 pollicitus
997 1542 1118 1608 effa,
1152 1544 1295 1588 omnia
1325 1542 1374 1585 in

82 1628 278 1693 potestate
306 1625 396 1682 ejus
408 1623 573 1683 fictura.
608 1622 717 1667 Haec
737 1617 972 1667 muliebria
996 1615 1374 1664 confiliaAndra-

93 1698 296 1745 nodorus
328 1711 476 1760 neque
500 1706 598 1742 tota
628 1692 881 1757 aspernatus
911 1689 998 1747 est,
1025 1704 1169 1752 neque
1201 1697 1375 1733 extem-

93 1773 173 1836 plo
192 1769 389 1833 accepit:
414 1768 630 1816 tutiorem
660 1767 716 1812 ad
741 1781 851 1828 opes
874 1761 1131 1810 affeetandas
1151 1771 1271 1807 ratus
1290 1758 1376 1806 effe

90 1844 213 1894 'viam
234 1880 248 1903 ,
277 1844 310 1890 fi
344 1842 392 1889 in
424 1839 657 1905 praesentia
689 1837 886 1902 tempori
915 1835 1111 1884 ceffiffet.
1139 1837 1290 1898 Itaque
1309 1831 1376 1878 le-

92 1932 221 1984 gatos
240 1917 494 1965 renuntiare
514 1914 631 1976 juffit
644 1951 656 1972 ‚
676 1914 877 1961 futurum
895 1912 938 1959 se
959 1910 1007 1957 in
1028 1909 1201 1956 senatus
1221 1924 1271 1953 ac
1291 1920 1377 1968 po-

94 1991 192 2054 puli
222 1989 451 2053 potestate.
490 1988 675 2035 Postero
710 1987 781 2035 die
810 1986 907 2034 luce
941 1983 1081 2047 prima
1102 2018 1118 2039 ‚
1148 1977 1376 2043 patefaffis

96 2063 253 2111 Insulae
288 2062 461 2126 portis,
491 2060 538 2108 in
571 2060 720 2108 forum
755 2058 1020 2107 Achradinae
1054 2054 1198 2102 venit.
1232 2051 1295 2098 ibi
1330 2050 1379 2097 in

97 2153 219 2185 aram
237 2135 513 2183 Concordiae
530 2170 543 2192 ‚
565 2150 620 2180 ex
642 2150 727 2197 qua
752 2131 893 2194 pridie
913 2129 1155 2192 Polyaenus
1184 2123 1380 2173 concio-

98 2208 233 2257 natus
250 2221 371 2268 erat,
401 2207 625 2256 escendit:
655 2206 998 2267 orationemque
1018 2218 1114 2249 eam
1143 2198 1270 2246 orsus
1289 2197 1378 2257 est,

98 2301 188 2348 qua
224 2282 420 2346 primum
452 2280 748 2329 cunctationis
782 2279 869 2326 suae
900 2275 1081 2325 veniam
1117 2268 1293 2336 petivit.
1326 2275 1380 2317 Se

100 2359 208 2403 enim
226 2352 581 2419 claufizslzmbniffi
594 2357 741 2414 pomis
759 2385 773 2407 ‚
802 2368 887 2396 non
938 2362 1170 2409 eparantetn
1183 2346 1290 2406 ficas
1320 2359 1381 2389 res

100 2448 128 2475 a
160 2431 341 2490 publicis
364 2464 382 2485 ,Ι
406 2430 490 2490 fied
513 2427 669 2494 stridis
694 2427 825 2487 semel
855 2424 1011 2486 gladiis
1039 2424 1273 2475 timentem,
1310 2419 1381 2475 qui

13 2515 18 2518 '
89 2502 198 2562 finis
240 2503 415 2549 caedibus
449 2499 538 2565 effer
574 2499 781 2560 futurus:
827 2512 959 2543 uss-mn
983 2495 1146 2563 ,quod
1174 2492 1288 2555 satis
1323 2491 1379 2536 li·-
