1628 2890
274 172 808 224 HISTORIARUM
852 171 978 216 LIB.
1023 168 1231 215 XXIII⁴
1336 164 1397 225 87

116 303 289 348 nuptum
325 285 447 332 Livio
483 280 679 346 dediffi‘t;
715 295 881 326 ceterum
917 277 1113 332 majorem
1151 275 1285 319 multo
1316 291 1398 318 rem

116 362 322 424 magisque
347 360 573 405 timendam
605 355 764 421 instare.
796 355 897 397 Non
923 354 1030 396 enim
1047 367 1124 410 per
1140 346 1404 408 defic'lionem

117 438 177 481 ad
190 436 418 480 tollendum
443 450 497 477 ex
522 432 688 476 civitate
710 427 904 486 senatum
921 425 1078 484 plebem
1088 421 1296 483 spectare,
1319 420 1403 479 sed

110 526 188 570 per
212 509 355 552 caedem
365 495 543 566 senatus
559 519 736 548 vacuam
767 499 1057 558 rempublicam
1088 498 1242 541 tradere
1269 494 1402 539 Han·-

118 583 252 628 nibali
285 599 335 625 ac
372 581 518 625 Poenis
549 580 660 622 velle.
700 577 769 620 Eo
794 574 849 634 se
871 573 1054 632 periculo
1082 569 1199 633 poſje
1232 570 1404 615 liberare

119 671 188 700 eos
201 689 214 711 ‚
232 653 338 717 fise
353 654 601 713 permittant
604 649 692 714 fibi
704 683 718 704 ,
751 643 794 692 ἐξ
807 679 821 702 ‚
842 646 1108 690 certaminum
1129 644 1175 687 in
1194 644 1405 703 republica

123 726 272 780 obliti,
303 726 481 770 credant.
525 721 642 767 Cum
679 731 839 764 omnes
870 712 980 760 viffi
1016 725 1137 759 metu
1170 712 1404 774 permitte-

119 807 242 851 rent;
278 798 479 842 Claudum
510 796 556 839 in
583 794 698 838 c-uria
713 808 789 837 vos
805 823 819 846 ‚
840 787 1014 850 inquit,
1039 785 1082 832 ἃ
1097 820 1111 842 ,
1138 801 1339 845 tanquam
1360 782 1405 830 ὃ*

124 869 206 929 ipst:
237 869 409 929 cogitati
415 865 631 924 facinoris
643 864 852 924 particeps
868 894 884 916 ,
914 860 1186 920 approbando
1205 856 1402 920 consilia,

122 944 269 1003 quibus
297 941 573 1001 nequidquam
606 936 841 995 adversarer
856 965 870 987 ,
898 933 1013 992 viam
1021 931 1158 990 saluti
1177 930 1308 995 vestrae
1329 932 1403 974 in·-

122 1016 302 1061 veniam.
334 1015 388 1058 In
413 1014 487 1056 lzoc
500 1012 657 1071 fidem,
674 1025 797 1069 quam
819 1007 947 1051 vultis
966 1002 1074 1066 ipsi,
1093 1005 1276 1062 accipite.
1297 1000 1402 1045 Fide

123 1087 225 1132 data
252 1083 469 1148 egressus,
501 1080 643 1129 claudi
670 1079 838 1127 curiam
867 1075 993 1138 jubet
1010 1107 1024 1131 ‚
1059 1074 1402 1137 praefidiumque

124 1158 171 1206 in
200 1156 425 1205 vestibulo
454 1153 636 1217 reliquit
652 1188 668 1209 ‚
695 1168 753 1199 ne
779 1149 879 1215 quis
903 1149 1022 1195 adire
1049 1146 1219 1195 curiam
1239 1143 1406 1206 injufl‘u

125 1231 235 1289 suo,
265 1247 380 1279 neve
406 1229 509 1275 inde
528 1226 679 1292 egredi
700 1224 848 1290 poffit.

188 1306 260 1352 111.
286 1306 418 1351 Tunc
449 1312 621 1350 vocato
656 1299 711 1346 ad
743 1296 1016 1346 concionem
1044 1295 1243 1360 popufis),
1276 1297 1410 1357 Quod

115 1379 226 1438 saepe
239 1412 253 1433 ‚
272 1375 424 1438 inquit
438 1411 454 1432 ,
474 1374 670 1439 optastis,
690 1373 923 1432 Campani,
950 1387 997 1417 ut
1040 1371 1213 1431 upplicii
1231 1368 1407 1429 sumen-

127 1455 175 1497 di-
200 1453 317 1498 vobis
337 1470 390 1496 ex
416 1450 599 1510 improbo
627 1465 676 1492 ac
693 1447 914 1511 detestabili
925 1445 1080 1505 senatu
1091 1444 1269 1508 potestas
1288 1437 1379 1502 effet
1389 1456 1411 1493 ;

128 1540 218 1568 eam
233 1541 344 1568 nunc
358 1556 373 1578 ‚
401 1539 487 1567 non
500 1538 578 1582 per
599 1521 818 1564 tumultum
843 1532 1131 1579 expugnantes
1157 1517 1302 1560 domos
1307 1512 1413 1576 sin-

126 1600 345 1657 guonem,
375 1612 478 1655 quas
504 1592 714 1657 praesidiis?
738 1593 946 1636 clientium
971 1588 1261 1648 servorumque
1291 1600 1410 1630 tuen·

129 1682 224 1723 tur,
245 1685 334 1712 cum
348 1667 518 1727 summo
542 1664 664 1730 vestro
681 1665 864 1724 periculo
883 1695 896 1718 ‚
909 1661 993 1721 sed
1011 1674 1142 1704 tutam
1168 1659 1326 1703 habetis
1361 1673 1410 1699 ac

129 1741 312 1785 liberam.
343 1738 515 1799 Claufhs
533 1754 672 1783 omnes
697 1739 743 1781 in
764 1737 919 1781 curiam
940 1735 1134 1792 accipite,
1140 1732 1286 1792 solos,
1305 1733 1412 1776 iner-

132 1829 242 1857 mes:
268 1829 339 1856 nec
372 1812 596 1871 quidquam
626 1811 777 1869 raptim
793 1841 807 1865 ,
836 1821 914 1852 aut
935 1804 1049 1864 forte
1074 1821 1211 1850 temere
1238 1804 1415 1865 egeritis.

131 1884 180 1926 de
202 1881 462 1944 singulorum
491 1883 620 1942 capite
646 1882 762 1927 vobis
788 1878 869 1937 jus
885 1877 1105 1937 sententiae
1134 1878 1313 1921 dicendae
1330 1872 1414 1932 fiz-

131 1957 241 1999 ciam
259 1989 272 2012 ‚
308 1971 382 2012 ut,
418 1972 523 2015 quas
559 1954 723 2015 quisque
756 1954 923 1998 meritus
958 1951 1037 2014 est,
1058 1966 1212 2011 poenas
1237 1951 1412 2009 pendat.

131 2031 218 2073 Sed
246 2045 340 2074 ante
374 2031 518 2074 omnia
537 2031 599 2073 ita
618 2044 692 2073 vos
714 2029 783 2072 irae
811 2026 1021 2086 indulgere
1052 2037 1234 2082 oportet,
1263 2036 1309 2065 ut
1331 2036 1414 2079 po-

133 2103 274 2145 tiorem
303 2102 367 2145 ira
392 2100 576 2159 salutem
607 2114 726 2159 atque
755 2100 975 2143 utilitatem
1008 2095 1175 2159 vestram
1211 2093 1416 2136 habeatis.

133 2175 277 2218 etenim
307 2175 383 2218 lzos
412 2172 490 2233 (ut
519 2171 697 2233 opinor)
735 2172 874 2234 odistis
892 2171 1109 2231 senatores
1121 2186 1141 2223 ;
1173 2186 1259 2213 non
1281 2167 1414 2226 sena-

131 2261 220 2291 tum
239 2246 411 2291 omnino
430 2247 570 2291 habere
599 2263 685 2291 non
708 2245 850 2290 vultis.
883 2243 1028 2303 quippe
1049 2256 1124 2286 aut
1151 2258 1224 2285 rex
1238 2274 1251 2297 ,
1276 2237 1419 2302 (quod

130 2315 497 2380 abominandum)
525 2334 627 2374 aut,
653 2319 765 2378 quod
791 2334 920 2362 unum
954 2317 1086 2360 libera
1107 2315 1292 2359 civitatis
1314 2331 1416 2358 con·

130 2391 271 2454 filium
289 2393 342 2457 est
356 2426 371 2447 ,
381 2391 556 2451 senatus
574 2393 788 2437 habendus
818 2388 882 2454 est.
917 2390 1061 2447 Itaque
1090 2388 1180 2431 duae
1209 2403 1269 2432 res
1286 2384 1423 2449 fine-{23

132 2466 299 2525 agenda
315 2464 426 2528 sunt
442 2466 586 2523 vobis,
618 2480 663 2511 ut
692 2460 735 2510 ξ’·
766 2479 929 2510 veterem
944 2463 1143 2523 senatum
1164 2462 1352 2516 tollatis,
1375 2457 1419 2505 C}

1072 2537 1101 2580 F
1140 2552 1170 2592 4
