1628 2890
206 140 300 210 v182
565 159 1130 210 T1T1L1vt1

206 269 283 316 bat
297 303 311 326 ‚
335 266 462 331 quod
484 267 620 314 duum
651 266 842 314 millium
863 269 1200 332 Campanorum
1216 306 1230 330 ,
1249 270 1298 318 &
1328 269 1493 335 septime

203 353 448 405 gentorum
474 338 668 386 militum
703 339 967 387 Hannibalis
1002 341 1232 391 tenebatur
1268 342 1492 405 praesidio.

203 414 399 459 Praeerat
422 411 584 461 Statius
606 411 776 459 Metius
792 448 804 470 ‚
830 411 980 459 miffus
999 412 1055 459 ab
1073 413 1160 461 Cn.
1189 414 1345 479 Magio
1364 414 1492 461 Atel-

203 485 343 532 lano:
367 484 445 548 qui
475 500 532 531 eo
563 500 686 533 anno
716 484 1042 533 Medixtuticus
1071 498 1193 544 erat,
1221 486 1494 551 servitiaque

203 559 257 604 &
291 558 467 620 plebem
500 557 753 620 promiscue
789 559 1012 616 armabat,
1034 571 1084 606 ut
1115 558 1253 607 castra
1284 561 1492 607 Romana

202 630 467 691 invaderet,
484 631 660 680 intento
681 631 866 679 consule
883 633 937 678 ad
958 631 1202 679 Cafilinum
1224 648 1492 697 oppugnan-

205 705 328 752 dum.
356 705 486 753 Nihil
504 721 663 753 eorum
683 705 864 753 Fabium
885 705 1054 753 fefellit.
1079 709 1233 770 ltaque
1251 707 1418 754 Nolam
1436 707 1493 754 ad

202 783 426 848 collegam
456 784 618 843 mittit,
646 788 774 832 altero
798 787 1007 842 exercitu,
1035 788 1134 832 dum
1169 785 1396 850 Cqsilinum
1417 805 1493 846 op-

195 873 438 917 pugnatur,
453 875 556 918 opus
574 855 668 921 effe,
682 860 752 918 qui
772 860 1000 918 Campanis
1018 860 1265 918 opponatur.
1291 860 1372 903 Vel
1383 859 1495 918 Ipsi&

204 929 342 976 relic‘lo
361 932 482 975 Nolae
491 929 685 994 praesidio
706 931 869 975 modico
881 963 893 986 ,
913 932 1065 975 veniret
1080 945 1096 973 .·
1111 933 1178 974 vel
1186 928 1254 993 ‚si
1267 947 1358 974 eum
1379 931 1494 975 Nola

203 1017 376 1062 teneret,
405 1001 447 1051 ὃ·
477 1006 650 1050 mediam
672 1005 825 1064 securae
852 1022 912 1050 res
940 1006 991 1049 ab
1011 1004 1260 1050 Hannibale
1288 1002 1494 1068 efflmsfi
1564 998 1568 1001 ’

198 1077 277 1122 Ti.
299 1077 531 1123 Gracchum
546 1077 826 1137 proconjitlem
840 1096 868 1122 a
884 1079 1114 1123 Benevento
1130 1079 1367 1124 acciturum.
1387 1077 1493 1125 Hoc

203 1151 372 1196 nuntio
401 1149 669 1205 Marcellus‚
700 1150 878 1198 duobus
909 1149 1102 1196 militum
1131 1149 1327 1196 millibus
1356 1149 1492 1196 Nolae

205 1221 256 1270 in
278 1223 484 1285 praesidio
505 1223 666 1270 relictis
681 1259 694 1281 ‚
713 1241 815 1271 cum
843 1234 996 1270 cetero
1018 1221 1221 1269 exercitu
1246 1221 1492 1268 Cafilinum

205 1297 359 1354 venit,
394 1297 684 1359 adventuque
718 1295 814 1357 ejus
854 1294 1103 1358 Campani,
1132 1293 1220 1355 jam
1253 1305 1492 1342 moventes

172 1415 173 1418 ,
202 1369 316 1428 sese,
338 1370 629 1433 quieverunt.
649 1372 711 1417 Ita
730 1387 753 1417 a
769 1369 947 1417 duobus
966 1367 1227 1416 consulibus
1245 1367 1491 1415 Cafilinum

201 1443 456 1506 oppugnari
493 1456 712 1505 coeptum.
749 1442 827 1490 ubi
862 1459 964 1490 cum
1000 1439 1164 1498 multa,
1204 1439 1490 1488 succedentes
1540 1454 1550 1458 ”

201 1527 372 1564 temere
400 1512 654 1573 moeiiibu8‚
674 1515 873 1563 Romani
905 1514 1070 1570 milites
1098 1513 1357 1575 acciperent
1384 1513 1493 1561 vul-

201 1604 310 1636 nera
325 1627 336 1645 ‚
357 1607 500 1651 neque
521 1590 621 1637 satis
638 1589 827 1652 inceptis
851 1588 1130 1640 succederet;
1150 1585 1332 1645 Fabius,
1350 1586 1491 1634 omit·-

199 1664 377 1710 -tendam
400 1681 493 1710 rem
516 1680 703 1726 parvam
722 1680 772 1710 ac
793 1662 921 1723 juxta
939 1660 1110 1725 magnis
1133 1659 1358 1708 difficilem
1373 1696 1387 1719 ,
1407 1661 1490 1708 ab-

202 1736 565 1800 scedendumque
591 1736 694 1782 inde
728 1734 963 1792 censebat,
983 1749 1086 1781 cum
1108 1749 1177 1780 res
1201 1731 1394 1794 majores
1415 1733 1490 1780 in·-

202 1807 379 1855 flarenr.
407 1807 673 1865 Marcellus,
692 1807 831 1854 multa
853 1807 1024 1870 magnis
1050 1806 1236 1854 ducibus
1263 1807 1370 1854 ficut
1392 1822 1490 1853 non

200 1881 520 1943 aggredienda,
540 1881 601 1928 ita
618 1880 748 1927 semel
766 1880 969 1944 aggreffis
989 1895 1085 1926 non
1104 1878 1368 1926 dimittenda
1385 1879 1490 1937 effe,

199 1952 425 2012 dicendo,
450 1951 556 2017 quia
577 1970 736 2017 magna
766 1953 897 1999 famae
918 1968 1147 1999 momenta
1175 1951 1223 1998 in
1254 1964 1491 2014 utramque

200 2038 376 2087 partem
407 2025 594 2086 fierent,
622 2027 793 2084 tenuit,
819 2042 874 2072 ne
907 2024 1036 2071 irrito
1063 2024 1247 2088 incepto
1277 2024 1489 2071 abiretur.

201 2098 360 2145 Vineae
379 2098 482 2146 inde
502 2095 741 2163 omniaque
761 2099 844 2147 alia
866 2115 1055 2162 operum
1073 2096 1490 2145 machinationum-

201 2186 290 2232 que
327 2189 487 2235 genera
523 2190 625 2220 cum
657 2174 1034 2230 admoverentur,
1062 2171 1372 2234 Campanique
1407 2171 1490 2216 Fa·

201 2241 327 2290 bium
346 2256 528 2291 orarent
542 2282 553 2303 ‚
573 2257 623 2292 ut
645 2246 765 2292 abire
785 2247 987 2307 Capuam
1014 2256 1114 2290 tuto
1134 2242 1312 2297 liceret;
1333 2240 1488 2304 paucis

202 2314 378 2376 egreffis
396 2350 409 2371 ‚
432 2316 673 2363 Marcellus
694 2328 871 2379 portam
886 2348 899 2368 ‚
920 2332 1008 2378 qua
1028 2314 1392 2379 egrediebantur,
1410 2329 1489 2361 oc-

202 2386 418 2448 cupavit,
447 2388 676 2452 caedesque
707 2389 961 2451 promiscue
992 2388 1198 2437 omnium
1228 2388 1348 2436 circa
1376 2403 1488 2451 por-

198 2470 291 2511 tam
312 2461 485 2529 primo,
507 2463 695 2528 deinde,
717 2464 970 2530 irruptione
990 2463 1126 2527 faita,
1146 2465 1278 2514 etiam
1296 2464 1345 2513 in
1370 2463 1485 2512 urbe
