1628 2890
276 126 819 212 HISTORIARUM
857 164 983 209 LIB.
1022 162 1231 208 XXIII.
1307 177 1395 225 ¹37

177 272 396 319 XXXVI.
425 270 691 328 Gracchus,
716 269 862 316 minus
896 286 1076 317 centum
1103 267 1298 315 militum
1327 267 1398 329 ja-

114 345 235 391 &ura
269 344 418 392 castris
451 343 646 390 hostium
682 343 885 406 potitus,
921 344 1086 390 Cumas
1123 341 1163 388 se
1200 351 1397 405 propere

113 419 284 482 recepit
298 455 313 476 ,
338 419 394 465 ab
413 417 665 464 Hannibale
688 430 892 463 metuens
907 453 920 475 ‚
943 417 1023 481 qui
1045 417 1173 480 super
1193 418 1397 480 Capuam

113 492 161 538 in
180 491 341 539 Tifatis
373 491 563 537 habebat
594 491 746 538 castra.
782 492 881 537 Nec
910 507 1010 536 eum
1038 490 1232 553 provida
1259 490 1400 538 futuri

113 563 272 610 fefellit
308 564 483 627 opinio.
526 581 628 610 nam
665 564 792 610 fimul
828 565 1028 625 Capuam
1070 580 1119 609 ea
1156 558 1302 610 clades
1335 562 1399 609 est

113 636 342 694 nuntiata,
379 647 498 682 ratus
525 635 778 692 Hannibal,
811 635 866 680 ab
901 651 948 680 re
984 632 1097 681 bene
1128 635 1243 698 gesta
1273 634 1400 681 inso-

112 707 257 755 lenter
289 709 439 755 laetum
467 710 716 756 exercitum
752 709 952 755 tironum
991 725 1149 770 magna
1183 726 1239 754 ex
1274 719 1401 771 parte

113 781 438 846 servorumque
458 819 472 841 ,
501 781 764 845 spoliantem
787 780 932 828 viclos
947 816 959 835 ‚
983 780 1235 843 praedasque
1266 788 1402 844 agen-

113 867 205 904 tem
218 894 232 915 ‚
251 857 304 903 ad
322 858 485 904 Hamas
505 856 547 903 se
567 857 858 903 inventurum
871 890 884 912 ,
903 854 1087 901 citatum
1110 872 1266 917 agmen
1286 866 1403 918 prae-J

114 940 182 975 ter
211 930 410 991 Capuam
445 929 590 992 rapit,
625 927 881 991 obviosque
914 943 971 972 ex
1006 925 1109 990 fuga
1138 929 1403 990 Campano-¹

113 1017 214 1047 rum
231 1036 244 1059 ‚
275 1001 377 1048 dato
402 1000 635 1063 praefidio‚
668 1001 872 1062 Capuam
900 997 1037 1055 duci,
1069 997 1243 1045 saucios
1264 1000 1404 1046 vehi-v

115 1074 228 1120 culis
261 1073 434 1136 portari
470 1073 606 1135 jubet.
642 1071 732 1136 ipse
758 1070 912 1117 Hamis
940 1087 1083 1117 vacua
1113 1071 1168 1116 ab
1196 1071 1403 1120 hostibus

113 1146 279 1207 castra,
312 1163 397 1195 nec
422 1147 670 1212 quidquam
695 1157 856 1209 praeter
881 1145 1071 1191 recentis
1101 1144 1282 1208 vestigia
1316 1163 1403 1193 cae=

112 1221 181 1268 dis
203 1257 215 1279 ,
258 1220 477 1285 strataque
510 1221 664 1286 paffim
700 1235 897 1282 corpora
936 1218 1165 1266 sociorum
1209 1220 1405 1269 invenit.⁴

114 1296 336 1343 Auflores
369 1308 493 1343 erant
527 1295 737 1360 quidam,
772 1305 822 1341 ut
858 1293 1067 1356 protinus
1103 1293 1204 1340 inde
1227 1295 1398 1341 Cumas

113 1369 324 1428 duceret,
342 1369 585 1433 urbemque
606 1379 902 1432 oppugnaret.
932 1367 980 1413 Id
999 1384 1257 1432 quanquam
1276 1369 1397 1416 haud

113 1444 296 1491 modice
317 1445 541 1492 Hannibal
561 1444 794 1507 cupiebat,
812 1455 864 1490 ut
881 1479 894 1499 ‚
913 1442 1017 1506 quia
1039 1443 1280 1506 Neapolim
1303 1462 1402 1492 non

114 1530 324 1580 potuerat
340 1554 355 1577 ‚
375 1520 540 1566 Cumas
561 1517 711 1565 saltem
726 1553 740 1575 ,
766 1515 1219 1562 maritimam-urbem
1235 1552 1248 1574 ‚
1266 1515 1401 1562 habe·-

113 1603 211 1646 ret3
245 1603 421 1647 tamen,
449 1590 552 1654 quia
584 1602 744 1654 praeter
774 1605 895 1635 arma
925 1587 1037 1634 nihil
1066 1587 1215 1634 secum
1240 1588 1400 1646 miles,

113 1663 274 1726 raptim
304 1665 403 1711 acio
431 1665 634 1728 agmine,
658 1662 901 1719 extulerat,
931 1673 1054 1708 retro
1083 1662 1132 1707 in
1164 1661 1300 1708 castra
1327 1660 1402 1707 su-

114 1755 194 1801 pra
212 1738 361 1785 Tifata
381 1737 422 1785 se
448 1739 628 1802 recepit.
664 1737 797 1795 inde,
824 1736 1030 1800 fatigatus
1061 1737 1401 1799 Campanorum

115 1810 356 1873 precibus,
400 1810 601 1874 sequenti
633 1810 703 1857 die
744 1825 847 1856 cum
891 1809 1017 1855 omni
1060 1820 1273 1872 apparatu
1309 1825 1400 1871 op-

114 1884 366 1947 pugnandae
385 1885 507 1931 urbis
526 1886 691 1932 Cumas
711 1882 849 1930 redit:
879 1883 1269 1945 perpopulatoque
1287 1899 1398 1945 agro

114 1958 350 2016 Cumano,
384 1957 506 2004 mille
535 1958 676 2021 paffus
708 1957 762 2003 ab
790 1957 899 2002 urbe
932 1956 1069 2003 castra
1104 1956 1256 2011 locat3
1294 1973 1399 2003 cum

115 2031 349 2077 Gracchus
381 2030 521 2095 magis
551 2031 822 2079 verecundia
852 2030 898 2076 in
930 2031 1007 2077 tali
1038 2029 1287 2077 necestitate
1320 2031 1402 2076 de-

115 2100 289 2148 serendi
321 2101 494 2161 socios,
528 2103 819 2166 implorantes
839 2102 970 2149 fidem
1000 2103 1115 2149 suam
1147 2104 1400 2166 populique

113 2175 346 2235 Romani,
376 2176 654 2235 substitisset,
687 2196 821 2242 quam
856 2179 954 2226 satis
985 2178 1126 2225 fidens
1162 2178 1398 2227 exercitui,

114 2248 212 2296 Nec
239 2249 349 2295 alter
377 2249 535 2296 consul
565 2251 749 2310 Fabius,
777 2252 852 2314 qui
874 2253 929 2298 ad
957 2251 1086 2298 Cales
1106 2251 1239 2298 castra
1259 2251 1399 2297 habe-

112 2320 218 2378 bat,
253 2320 528 2368 Vulturnum
554 2322 722 2369 flumen
747 2323 1194 2375 traducereaudebat
1225 2322 1399 2369 exerci-

113 2404 238 2447 tum3
274 2408 521 2458 occupatus
552 2395 703 2459 primo
742 2396 945 2459 auspiciis
976 2395 1227 2458 repetendis
1248 2431 1261 2452 ‚
1295 2395 1397 2439 dein

115 2465 364 2530 prodigiis,
397 2484 497 2532 quae
536 2469 622 2518 alia
653 2469 780 2534 super
814 2471 899 2517 alia
925 2469 1282 2524 nuntiabantur,
1316 2483 1396 2513 exn=
