1628 2890
218 155 305 202 160
572 151 1133 198 TITILIVII

293 264 363 309 Ill.
403 260 524 308 Urbs
561 260 710 306 Croto
742 275 923 304 murum
955 258 1003 304 in
1037 259 1228 307 circuitu
1269 271 1495 322 patentem

213 335 454 383 duodecim
499 333 638 380 millia
670 332 871 396 passuum
903 331 1061 378 habuit
1100 345 1201 379 ante
1238 335 1412 397 Pyrrhi·
1448 335 1497 380 in

211 409 377 456 ltaliam
405 407 662 455 adventum.
698 405 800 469 post
830 404 1082 453 vastitatem
1107 421 1162 452 eo
1190 406 1312 453 bello
1340 407 1497 454 fastam

213 481 298 528 vix
325 497 424 544 pars
458 479 642 526 dimidia
670 478 977 525 habitabatur:
1013 476 1210 538 flumen,
1238 480 1363 543 quod
1401 499 1502 527 me-

213 553 294 600 dio
327 552 500 617 oppido
535 552 729 599 fluxerat
750 587 764 610 ‚
797 562 924 597 extra
959 549 1210 613 frequentia
1243 553 1368 600 teffis
1399 553 1501 602 loca

212 627 569 692 praeterfluebat:
609 627 659 676 &
689 642 772 672 arx
804 624 966 687 procul
997 623 1078 682 iis,
1111 642 1211 688 quae
1237 626 1501 674 habitaban-

212 714 301 748 tur.
322 702 408 747 Sex
427 699 567 746 millia
585 699 737 745 aberat
756 697 811 745 ab
840 698 949 744 urbe
976 698 1121 744 nobili
1141 700 1358 763 templum
1379 700 1503 765 (ipsa

213 775 327 821 urbe
367 784 461 825 erat
504 768 768 834 nobilius),
802 770 997 817 Laciniae
1034 771 1258 831 Junonis,
1305 772 1502 820 sanetum

215 847 429 895 omnibus
456 846 574 895 circa
606 844 804 908 populis.
840 846 988 891 Lucus
1018 843 1110 900 ibi,
1141 844 1363 910 frequenti
1398 846 1504 894 silva

217 924 269 969 &
289 920 491 984 proceris
510 919 666 966 abietis
686 918 921 965 arboribus
942 918 1114 982 septus,
1148 919 1248 966 laeta
1278 921 1325 966 in
1351 921 1504 967 medio

215 994 379 1058 pascua
397 991 576 1050 habuit,
592 991 670 1038 ubi
685 990 834 1038 omnis
852 992 1025 1054 generis
1045 991 1217 1038 iactum
1232 993 1347 1039 Deae
1364 992 1506 1055 pasce·

216 1066 346 1114 batur
365 1082 501 1128 pecus
522 1065 613 1111 fine
633 1063 730 1111 ullo
759 1062 962 1126 pastore:
1001 1062 1323 1128 separatimque
1351 1066 1505 1129 egreffi

216 1135 432 1199 cujusque
460 1135 634 1199 generis
659 1152 810 1199 greges
837 1136 969 1182 noCte
989 1138 1240 1183 remeabant
1268 1139 1324 1185 ad
1356 1139 1506 1185 stabu-

217 1210 260 1256 la
279 1245 294 1267 ‚
324 1227 552 1273 nunquam
578 1209 744 1255 insidiis
775 1209 1000 1267 ferarum,
1037 1227 1132 1256 non
1166 1211 1319 1259 fraude
1346 1212 1508 1259 violati

217 1282 470 1328 hominum.
493 1280 990 1345 Magniigitur'frufflis
1017 1300 1072 1328 ex
1090 1300 1147 1330 eo
1177 1300 1342 1347 pecore
1363 1285 1506 1347 capti,

219 1355 527 1418 columnaque
558 1357 661 1402 inde
687 1373 816 1403 aurea
837 1356 978 1404 solida
1000 1357 1112 1405 faeta
1127 1395 1142 1418 ,
1172 1361 1220 1407 ὃ(
1240 1358 1405 1415 sacrata
1423 1358 1504 1405 est:

219 1428 517 1492 inclitumque
539 1429 755 1492 templum
771 1466 785 1489 ‚
815 1430 986 1479 divitiis
1009 1432 1143 1479 etiam
1163 1467 1177 1488 ,
1209 1448 1306 1478 non
1331 1443 1509 1479 tantum
1536 1451 1548 1457 ·

220 1501 448 1548 sanffitate
462 1538 476 1558 ,
495 1500 592 1548 fuit.
625 1506 689 1549 Ac
707 1501 925 1549 miracula
953 1502 1102 1566 aliqua
1120 1504 1393 1568 affinguntur
1411 1503 1510 1567 ple-

221 1588 414 1635 rumque
444 1584 536 1618 tam
567 1573 813 1636 infignibus
848 1574 978 1622 lociS.
1011 1577 1137 1622 Fama
1167 1576 1254 1634 est,
1283 1593 1403 1622 aram
1424 1575 1509 1622 effe

221 1644 271 1692 in
292 1644 518 1694 vestibulo
542 1646 729 1708 templi,
765 1645 889 1709 cujus
919 1647 1116 1694 cinerem
1149 1647 1278 1694 nullo
1312 1635 1510 1711 unquam

222 1717 403 1766 moveri
434 1730 592 1767 vento.
628 1719 713 1765 Sed
749 1736 828 1765 arx
859 1719 1112 1778 Crotonis,
1145 1737 1234 1768 una
1267 1734 1392 1784 parte
1426 1721 1512 1768 im-

222 1791 400 1839 minens
418 1791 557 1848 mari,
593 1791 750 1852 altera,
773 1805 987 1858 vergente
1011 1794 1059 1840 in
1085 1812 1235 1858 agrum
1260 1831 1274 1853 ,
1303 1795 1387 1841 situ
1406 1807 1510 1841 tan-

224 1878 322 1912 tum
359 1865 549 1912 naturali
585 1868 818 1930 quondam
856 1867 1030 1915 munita
1051 1903 1065 1926 ,
1103 1869 1255 1931 postea
1290 1871 1339 1916 &
1376 1885 1512 1916 muro

225 1937 370 1985 cineta
402 1938 465 1984 est
477 1974 492 1997 ‚
524 1956 612 2002 qua
625 1956 713 2004 per
735 1939 909 1987 aversas
940 1957 1073 2002 rupes
1105 1940 1160 1987 ab
1183 1940 1417 2004 Dionysio
1439 1941 1512 1987 83-
1564 1964 1567 1965 ⁷

224 2011 343 2058 ciliae
376 2023 574 2076 tyranno
605 2030 685 2076 per
720 2013 877 2060 dolum
907 2012 1052 2060 fuerat
1086 2025 1229 2076 capta.
1270 2015 1378 2058 Eam
1413 2024 1513 2060 tum
1582 2011 1617 2071 f

227 2101 376 2132 arcem
395 2122 411 2143 ,
444 2084 573 2145 satis,
601 2098 651 2132 ut
682 2086 950 2145 videbatur,
982 2098 1152 2143 tutam,
1188 2086 1514 2134 Crotoniatum

227 2159 470 2221 optimates
507 2160 757 2219 tenebant,
799 2159 1147 2207 circumsedente
1183 2177 1285 2206 cum
1327 2160 1514 2207 Bruttiis

228 2248 309 2279 eos
342 2232 474 2278 etiam
504 2232 635 2295 plebe
673 2232 762 2285 sua.
795 2233 1026 2283 Postremo
1059 2231 1252 2286 Bruttii,
1290 2248 1390 2277 cum
1425 2230 1515 2277 suis

227 2305 405 2351 viribus
421 2305 814 2370 inexpugnabilem
835 2305 1044 2352 viderent
1064 2322 1209 2354 arcem
1227 2341 1242 2361 ,
1271 2304 1415 2351 coaffi
1436 2320 1515 2349 ne-

232 2377 427 2424 cestitate
493 2378 728 2434 Hannonis
750 2377 969 2424 auxilium
1003 2376 1261 2439 implorant.
1297 2381 1336 2422 Is
1354 2411 1368 2433 ,
1394 2392 1515 2422 con-

232 2446 484 2497 ditionibus
515 2449 570 2499 ad
604 2448 880 2498 deditionem
915 2446 1188 2511 compellere
1223 2445 1515 2495 Crotoniatas

251 2587 259 2614 ’κ
