1628 2890
177 136 271 196 2234
537 129 1094 179 T1T1L1vli

162 255 314 294 ‚onera
332 235 505 296 objefia
519 270 532 292 ‚
553 252 640 288 nec,
657 235 828 282 caedere
846 234 1022 297 stipatas
1042 233 1250 291 clitellas,
1273 232 1460 296 ipsisque

176 311 361 356 obrutas
383 307 563 356 sarcinis
576 344 590 366 ,
611 308 740 356 facile
758 306 865 355 erat.
886 307 1091 355 Tardatis
1111 308 1187 354 diu
1205 324 1306 355 cum
1330 322 1461 353 amo-

176 383 253 427 lita
272 380 447 442 obje&a
465 396 607 426 onera
624 372 802 427 armatis
823 379 1039 426 dedissent
1065 378 1187 426 viam
1204 416 1218 436 ,
1237 377 1462 442 pluribus-

175 472 261 518 que
288 455 402 501 idem
429 453 630 516 partibus
655 450 809 510 fieret,
829 463 958 515 capta
987 451 1078 514 jam
1098 452 1298 515 undique
1327 450 1464 498 castra

175 537 326 573 erant:
348 524 478 588 pauci
494 524 550 571 ab
567 523 718 570 multis
731 558 744 580 ,
763 522 1042 586 perculsique
1062 539 1086 568 a
1106 522 1350 569 vffloribus
1369 520 1463 584 pas-

175 598 254 644 sim
285 597 585 644 caedebantur.
614 597 779 658 Magna
809 611 909 657 pars
940 608 1090 642 tamen
1116 595 1336 653 militum,
1360 612 1463 642 curn

176 669 222 715 in
248 669 525 732 propinquas
546 667 769 731 refugisset
791 666 950 725 silvas,
984 667 1030 713 in
1054 667 1192 714 castra
1216 668 1262 714 P.
1281 667 1465 729 Scipio-

178 742 245 790 nis
262 779 275 801 ‚
297 741 460 805 quibus
488 741 547 787 T.
573 735 788 802 Fonteju's
816 739 988 803 legatus
1021 751 1239 801 praeerat,
1257 737 1464 801 perfuge-

177 827 296 862 runt.
328 816 415 862 Cn.
436 813 697 876 Scipionem
722 812 797 859 alii
832 813 879 858 in
901 812 1080 859 tumulo
1109 812 1258 874 primo
1293 811 1465 873 impetu

178 889 374 937 hostium
402 887 560 935 caesum
580 887 790 934 tradunt:
811 885 885 933 alii
908 903 1011 933 cum
1034 884 1188 947 paucis
1206 884 1253 930 in
1270 883 1465 946 propin>-

177 981 315 1027 quam
343 961 492 1009 castris
524 960 685 1008 turrim
717 959 965 1023 perfugisse.
994 960 1112 1006 hanc
1145 957 1239 1023 igni
1267 956 1466 1004 circum-

178 1038 321 1083 datam
336 1072 350 1093 ‚
369 1049 499 1100 atque
527 1035 588 1081 ita
619 1034 782 1080 exustis
807 1032 979 1080 foribus
994 1069 1008 1090 ,
1031 1048 1141 1096 quas
1168 1030 1290 1077 nulla
1313 1029 1466 1078 moliri

180 1120 428 1172 potuerunt
458 1106 537 1164 vi,
573 1118 773 1168 captam3
810 1103 1055 1168 omnesque
1088 1103 1207 1149 intus
1241 1120 1342 1149 cum
1367 1100 1467 1165 ipso

180 1182 452 1243 imperatore
490 1177 681 1226 occisos.
723 1179 861 1223 Anno
908 1176 1100 1234 οξὶεινο,
1134 1174 1373 1237 postquam
1418 1174 1467 1219 in

179 1253 437 1317 Hispaniam
456 1262 670 1308 venerat,
693 1251 780 1296 Cn.
805 1248 988 1311 Scipio,
1014 1246 1361 1309 undetrigesimo
1393 1245 1465 1291 die

179 1328 282 1392 post
298 1325 442 1373 fratris
462 1336 680 1382 mortem,
694 1323 755 1370 est
774 1321 1046 1369 interfec‘cus.
1063 1321 1227 1366 Lucius
1246 1337 1303 1366 ex
1319 1331 1468 1366 morte

180 1420 343 1451 eorum
362 1418 458 1449 non
488 1402 649 1448 Romae
677 1398 851 1460 major,
884 1413 1019 1460 quam
1050 1412 1128 1459 per
1148 1407 1291 1441 totam
1311 1393 1469 1456 Hispa-

183 1477 327 1535 niam,
341 1475 437 1522 fuit.
457 1474 586 1535 Quin
605 1470 867 1535 apudcives
886 1482 1056 1533 partem
1077 1468 1248 1516 doloris
1267 1469 1316 1515 &
1335 1482 1469 1513 exer-

183 1552 299 1599 citus
322 1549 459 1597 amiffi
478 1584 492 1607 ,
512 1549 561 1595 &
584 1547 772 1593 alienata
800 1544 1043 1608 provincia
1060 1578 1073 1601 ,
1100 1544 1151 1590 «Sc
1177 1541 1358 1604 publica
1377 1553 1469 1586 tra-

182 1626 315 1673 hebat
338 1624 496 1671 clades.
520 1621 745 1683 Hispaniae
763 1619 881 1682 ipsos
903 1618 1117 1681 lugebant
1143 1613 1468 1663 desiderabant-J

184 1716 272 1763 que
294 1698 425 1745 duces
445 1715 456 1743 :
478 1697 667 1742 Cnaeum
688 1706 838 1740 tamen
860 1691 1023 1755 magis,
1046 1706 1142 1754 quo
1163 1687 1330 1735 diutius
1348 1703 1469 1750 prae-

186 1773 332 1820 fuerat
358 1772 435 1830 iis,
471 1768 684 1832 priorque
721 1769 772 1815 &
803 1761 1011 1813 favorem
1046 1772 1379 1826 occupaverat,
1417 1762 1468 1809 &

186 1845 410 1909 specimen
439 1840 616 1904 justitiae
638 1834 1033 1904 temperantiaeque
1053 1830 1270 1886 Romanae
1298 1833 1469 1898 primus

185 1917 381 1964 dederat.

250 1991 491 2037 XXXVII.
523 1989 641 2036 Cum
666 1987 836 2034 deletus
863 1982 1084 2031 exercitus
1108 1980 1360 2043 amiffaeque
1381 1976 1468 2026 Hi-

186 2064 350 2111 staniae
380 2062 667 2119 viderentur,
687 2060 759 2107 vir
792 2073 907 2124 unus
940 2072 1009 2102 res
1045 2053 1240 2117 perditas
1267 2049 1471 2098 restituit.

184 2138 292 2182 Erat
318 2135 366 2181 in
393 2134 593 2182 exercitu
627 2136 676 2180 L.
713 2130 909 2178 Marcius
942 2123 1128 2190 Septimi
1160 2123 1304 2182 filius,
1333 2137 1471 2186 eques

186 2209 446 2265 Romanus,
479 2206 669 2271 impiger
705 2204 911 2271 juvenis,¹
947 2200 1175 2261 animique
1209 2199 1259 2244 &
1298 2194 1470 2258 ingenii

188 2279 453 2342 aliquantos,
481 2296 613 2341 quam
644 2294 729 2341 pro
761 2276 971 2331 fortuna,
995 2271 1042 2318 in
1074 2288 1162 2333 qua
1189 2281 1280 2314 erat
1311 2277 1468 2323 natus,

188 2351 385 2413 majoris.
417 2352 472 2399 ad
488 2351 698 2397 summam
719 2348 919 2395 indolem
939 2343 1170 2393 accesserat
1183 2339 1468 2401 Cn.·Scipio-

188 2425 258 2475 nis
279 2423 537 2490 disciplina:
558 2423 638 2472 sub
671 2438 759 2488 qua
788 2436 867 2486 per
892 2430 962 2467 tot
990 2431 1132 2466 annos
1162 2429 1319 2464 omnes
1344 2410 1467 2466 mni-2,
