1628 2890
231 144 794 205 ‘HisTORIARUM
831 159 953 205 ΜΒ.
989 132 1207 207 xxvu.
1275 175 1368 225 417

88 261 143 310 lis
164 262 478 327 prodigiorum
502 276 691 312 eventus
720 266 871 312 vertit.
910 267 1025 313 Ludi
1054 267 1338 330 Apollinares
1355 303 1371 327 ‚

91 335 153 394 Q.
172 335 362 394 Fulvio,
397 340 482 399 Ap.
502 336 693 384 Claudio
717 335 974 388 consulibus
990 377 1001 398 ‚
1035 358 1060 387 a
1079 342 1125 388 P.
1146 340 1373 388 Cornelio

88 405 210 454 Sulla
228 421 421 471 praetore
444 410 564 457 urbis
584 410 778 473 primum
799 410 900 458 {affl
920 424 1057 459 erant.
1088 413 1192 459 inde
1211 428 1372 459 omnes

89 481 300 545 deinceps
334 495 549 545 praetores
583 485 741 531 urbani
778 485 1003 534 fecerant:
1043 487 1116 534 sed
1150 487 1195 534 in
1233 506 1374 536 unum

92 568 262 598 annum
288 554 548 613 vovebant,
571 556 728 619 dieque
752 557 920 605 incerta
944 557 1174 606 faciebant.
1207 563 1274 607 Eo
1297 577 1377 606 an-

93 640 158 670 no
193 625 442 687 pestilentia
475 629 624 690 gravis
661 629 819 676 incidit
853 632 900 677 in
938 632 1095 679 urbem
1130 633 1377 697 agrosque:

95 713 198 760 quae
225 711 374 745 tamen
401 701 540 763 magis
562 701 607 746 in
631 701 793 764 longos
818 706 1034 762 morbos,
1059 723 1192 769 quam
1211 707 1256 753 in
1278 723 1381 769 per-

97 769 280 817 niciales
297 806 310 829 ,
338 773 490 819 evasit.
521 773 626 835 Ejus
649 775 908 836 pestilentiae
927 779 1053 826 causa
1079 781 1127 826 &
1159 779 1382 842 supplica-

98 854 194 888 tum
225 860 303 906 per
335 845 533 908 compita
557 857 651 892 tota
674 848 783 894 urbe
812 850 900 907 est,
933 853 982 898 δε
1003 853 1048 897 P.
1065 852 1264 898 Licinius
1288 854 1383 897 Va·-

103 932 178 961 ηις
199 930 369 978 praetor
389 919 510 966 urbis
529 918 668 982 legem
687 920 800 967 ferre
827 921 881 967 ad
903 922 1122 984 populum
1144 922 1280 983 juss'us
1298 958 1312 981 ‚
1334 934 1385 970 ut

101 988 151 1033 hi
184 990 277 1034 ludi
308 989 355 1035 in
390 1002 654 1054 perpetuum
681 992 727 1038 in
757 992 907 1039 statam
941 993 1057 1039 diem
1086 1006 1387 1041 voverentur.

99 1061 196 1124 Ipse
224 1063 394 1125 primus
423 1063 482 1109 ita
510 1063 674 1122 vovit,
704 1064 896 1128 fecitque
927 1078 1027 1112 ante
1054 1066 1172 1112 diem
1203 1067 1386 1113 tertium

102 1136 260 1182 Nonas
280 1135 546 1194 Quinffiles'.
578 1139 617 1182 Is
639 1137 729 1183 dies
749 1137 906 1184 deinde
928 1137 1154 1184 sollemnis
1172 1138 1388 1190 servatus.

167 1209 340 1254 XX1V.
370 1209 443 1255 De
463 1208 681 1254 Arretinis
702 1211 751 1256 &
770 1209 885 1256 fama
909 1210 954 1256 in
984 1211 1075 1257 dies
1103 1211 1289 1274 gravior
1303 1247 1318 1270 ,
1337 1212 1390 1258 ὅτ.

103 1299 212 1331 cura
235 1281 431 1329 crescere
456 1283 673 1330 Patribus.
705 1287 854 1348 Itaque
875 1285 930 1331 C.
951 1284 1148 1332 Hostilio
1171 1284 1388 1348 scriptum

105 1357 169 1404 est
187 1394 201 1416 ,
234 1374 290 1403 ne
314 1355 512 1402 differret
540 1357 711 1403 obfides
742 1358 796 1403 ab
817 1358 1034 1404 Arretinis
1052 1358 1254 1421 accipere
1275 1377 1285 1405 :
1314 1361 1390 1417 &,

105 1432 183 1480 cui
203 1431 395 1477 traderet
416 1433 606 1476 Romam
626 1430 911 1477 deducendos
924 1467 937 1489 ,
952 1432 1004 1477 C.
1023 1431 1262 1478 Terentius
1278 1434 1391 1478 Var-

50 1554 51 1557 ,
106 1522 163 1551 ro
194 1521 294 1551 cum
332 1504 524 1566 imperio
558 1504 722 1551 missus.
760 1506 835 1568 qui
875 1516 924 1550 ut
964 1506 1176 1564 advenit,
1213 1519 1395 1558 extem-j

108 1577 189 1640 plo
207 1575 422 1622 Hostilius
452 1575 675 1638 legionem
695 1593 829 1622 unam
851 1613 864 1635 ,
885 1594 984 1639 quae
1012 1591 1114 1625 ante
1141 1579 1298 1626 urbem
1319 1597 1393 1626 ca-

109 1649 198 1695 stra
222 1648 412 1695 habebat
427 1683 441 1704 ,
472 1647 591 1710 signa
618 1648 665 1692 in
688 1649 844 1694 urbem
865 1648 979 1695 ferre
997 1650 1143 1712 justin,
1171 1653 1394 1714 praesidia·

111 1719 200 1786 que
219 1722 331 1769 locis
360 1721 534 1767 idoneis
556 1713 776 1783 'disposuit
794 1759 807 1779 ‚
841 1734 936 1769 tum
958 1724 1005 1769 in
1027 1723 1133 1771 foro
1161 1725 1304 1772 citatis
1326 1726 1394 1772 se-

114 1796 350 1844 natoribus
383 1795 556 1841 obfides
587 1794 841 1856 imperavit.
876 1796 993 1841 Cum
1014 1796 1188 1844 senatus
1208 1798 1396 1847 biduum

115 1870 170 1916 ad
187 1868 557 1917 considerandum
578 1878 747 1929 peteret
763 1879 937 1928 tempus
953 1902 967 1924 ‚
988 1880 1063 1914 aut
1084 1868 1203 1931 ipsos
1225 1882 1396 1917 extem-

116 1942 198 2006 plo
226 1942 328 1990 dare
345 1980 359 1999 ,
388 1952 466 1988 aut
497 1940 538 1986 se
565 1938 747 2002 postero
772 1939 842 1985 die
868 1939 1122 1988 senatorum
1156 1958 1312 1989 omnes
1339 1944 1397 1990 li-

116 2018 253 2066 beros
273 2016 519 2062 sumturum
534 2049 547 2071 ,
572 2013 727 2059 edixit.
767 2013 870 2058 inde
887 2026 1041 2076 portas
1061 2014 1285 2061 custodire
1304 2014 1398 2076 jus-

116 2091 152 2138 fi
183 2087 355 2135 tribuni
383 2086 603 2143 militum,
628 2084 913 2148 praefeffique
941 2084 1114 2132 socium
1132 2121 1146 2143 ‚
1169 2086 1218 2132 &
1239 2098 1398 2134 centu-

119 2165 272 2212 riones
290 2199 304 2222 ‚
330 2178 385 2208 ne
414 2163 514 2224 quis
545 2160 676 2207 noble
704 2160 811 2206 urbe
845 2159 999 2206 exiret.
1036 2160 1083 2206 Id
1118 2160 1289 2224 segnius
1314 2174 1402 2208 xie-¹v

121 2235 448 2304 gligentiusque
484 2233 660 2281 saelum.
712 2232 876 2294 septem
919 2233 1145 2295 principes
1192 2233 1363 2281 senatus
1383 2269 1400 2292 ‚

120 2312 375 2377 priusquam
401 2308 614 2357 custodiat
643 2309 689 2354 in
719 2308 862 2371 portis
881 2307 1162 2366 locarentur,
1188 2320 1291 2354 ante
1313 2325 1402 2353 no-

123 2388 237 2435 &em
267 2401 369 2433 cum
402 2382 551 2429 liberis
578 2383 828 2431 evaserunt.
862 2382 1047 2428 Postero
1082 2382 1152 2428 die
1182 2382 1284 2428 luce
1305 2382 1401 2443 pri-

124 2477 196 2509 ma
215 2495 229 2517 ‚
261 2475 363 2505 cum
389 2457 562 2504 senatus
582 2456 628 2503 in
648 2456 800 2504 forum
821 2455 947 2505 citari
974 2467 1155 2518 coeptus
1174 2454 1302 2514 effer,
1325 2454 1402 2505 <leq

129 2525 133 2529 ’
192 2537 243 2581 Τ.
269 2536 362 2581 Liv.
396 2535 491 2579 Vol.
521 2534 607 2579 JV.
1063 2528 1150 2578 Dd
