1628 2890
211 125 300 170 265
555 87 1127 168 T1T1L1V11

208 226 364 278 barum
406 228 467 274 est
503 226 680 273 auditus
727 237 881 273 cantus
897 261 910 284 ,
950 224 1210 287 clamorque
1246 221 1495 270 tenentium

209 316 364 348 muros
382 309 645 361 partemque
660 297 807 354 urbi83
828 298 984 344 omnia
1003 296 1144 343 teneri
1164 295 1369 343 custodes
1387 294 1495 354 rati,

208 372 282 419 alii
311 387 389 433 per
410 388 588 417 murum
617 369 793 434 fugere,
816 371 892 417 alii
914 369 1039 416 salire
1069 369 1122 416 de
1152 357 1312 426 muro,
1331 367 1494 431 praeci-

207 444 434 507 pitarique
452 444 585 490 turba
604 445 879 507 paventium.
902 444 1063 506 Magna
1086 457 1184 504 pars
1205 453 1356 488 tamen
1373 440 1496 503 igna-

208 534 258 563 ra
282 517 392 564 tanti
409 519 514 565 mali
530 531 621 565 erat
635 555 648 578 a
668 521 715 566 &
737 518 927 582 gravatis
945 516 1156 564 omnibus
1175 515 1290 562 vino
1311 514 1496 560 somno-

209 606 321 653 que,
340 591 413 649 δε,
435 590 480 636 in
501 591 638 638 vastae
659 589 979 655 magnitudinis
1000 589 1132 647 urbe,
1156 587 1350 650 partium
1371 584 1496 632 sensu

209 680 306 709 non
330 663 428 711 satis
448 665 700 728 pertinente
730 665 776 712 in
798 664 966 712 omnia.
991 663 1082 710 Sub
1102 662 1229 720 luce,
1250 659 1496 723 Hexapylo

208 735 391 783 effracto
407 773 420 795 ‚
442 737 681 785 Marcellus
697 774 711 797 ‚
729 737 939 784 omnibus
969 734 1112 798 copiis
1141 734 1297 780 urbem
1326 731 1496 795 ingres-

212 807 282 855 sus
297 845 310 867 ,
331 810 551 857 excitavit
572 811 890 874 convertitque
923 825 1081 856 omnes
1103 808 1155 854 ad
1182 823 1304 854 arma
1323 805 1500 868 capien-

214 880 298 939 da,
331 897 589 947 opemque,
618 885 649 931 fi
675 903 808 949 quam
837 884 1038 949 possent,
1063 883 1152 946 jam
1183 893 1324 944 captae
1355 895 1499 943 prope

213 949 315 995 urbi
337 950 582 1013 ferendam.
610 955 837 1018 Epicydes
851 991 864 1013 ,
884 956 937 1001 ab
957 953 1129 1010 Insula,
1152 969 1285 1016 quam
1304 950 1383 1014 ipsi
1403 951 1500 997 Na-

213 1022 297 1068 son
325 1036 519 1083 vocant,
543 1026 681 1072 citato
705 1027 929 1089 profecius
954 1026 1154 1090 agmine,
1175 1024 1292 1071 haud
1313 1023 1501 1077 dubius,

213 1095 325 1158 quin
352 1112 543 1157 pauco5‚
562 1115 640 1160 per
663 1100 979 1163 negligentiam
1008 1097 1242 1145 custodum
1260 1095 1501 1160 transgres-

214 1167 287 1215 sos
316 1186 495 1216 murum
509 1208 524 1228 ,
545 1172 807 1235 expulsurus
837 1172 981 1229 foret,
1003 1169 1347 1218 occurrentibus
1366 1168 1500 1231 pavi-

213 1242 308 1301 dis,
328 1244 573 1291 tumultum
604 1263 763 1309 augere
790 1262 868 1293 eos
885 1282 899 1305 ,
922 1244 1153 1301 diffitans,
1175 1243 1225 1289 &
1250 1241 1421 1304 majora
1452 1257 1504 1289 ac

214 1316 491 1363 terribiliora
509 1335 622 1365 vero
642 1319 817 1377 afferre,
837 1318 1075 1383 postquam
1096 1313 1332 1378 conspexit
1349 1313 1507 1360 omnia

217 1389 354 1436 circa·
382 1392 592 1454 Epipolas
629 1393 763 1440 armis
802 1392 1027 1455 completa
1043 1428 1057 1450 ‚
1095 1388 1293 1436 laceffito
1328 1397 1505 1434 tantum
1550 1422 1561 1426 .-

220 1462 349 1509 hoste
368 1465 518 1526 paucis
537 1466 793 1525 miffihbus,
813 1477 935 1511 retro
955 1465 1003 1511 in
1022 1463 1325 1511 Achradinam
1345 1476 1506 1525 agmen

213 1539 480 1597 convertit,
510 1556 604 1586 non
627 1550 717 1586 tam
746 1540 841 1588 vim
862 1537 1288 1600 multitudinemque
1307 1533 1505 1582 hostium

217 1622 418 1657 metuens
433 1648 446 1669 ‚
470 1629 607 1675 quam
633 1629 687 1658 ne
708 1628 795 1675 qua
819 1609 1027 1656 intestina
1052 1607 1170 1654 fraus
1198 1623 1276 1669 per
1300 1605 1505 1652 occasio·-

220 1699 324 1728 nem
344 1684 563 1741 oriretur,
586 1683 836 1747 clausasque
867 1683 983 1729 inter
1010 1679 1257 1739 tumultum
1283 1677 1505 1726 Achradi-

160 1786 164 1787 ν
219 1774 290 1804 nae
320 1771 452 1822 atque
488 1758 644 1804 lnsulae
668 1758 896 1805 inveniret
930 1771 1097 1819 portas.
1132 1752 1396 1808 Marcellus,
1423 1764 1506 1811 ut,

220 1832 393 1878 moenia
434 1830 675 1895 ingreffus',
710 1848 765 1876 ex
811 1828 1116 1892 superioribus
1166 1826 1278 1874 locis
1324 1826 1508 1885 urbem,

222 1903 428 1950 omnium
461 1902 600 1949 ferme
627 1903 700 1950 illa
722 1903 977 1965 tempestate
1009 1900 1349 1965 pulcherrimam
1369 1935 1383 1959 ,
1404 1899 1509 1947 sub-

220 1976 380 2040 jestam
401 1977 547 2024 oculis
565 1977 702 2035 Vidit,
722 1976 998 2023 illacrimafl'e
1019 1975 1205 2030 dicitur,
1223 1973 1381 2036 partim
1402 1989 1508 2037 gau-

224 2053 302 2098 dio
336 2065 469 2098 tantae
490 2062 750 2114 perpeiratae
773 2051 865 2109 rei,
886 2049 1051 2113 partim
1072 2047 1245 2097 vetusta
1273 2046 1414 2110 gloria
1435 2064 1509 2093 ur-

225 2126 307 2172 bis,
340 2125 679 2172 Atheniensium
701 2125 851 2172 claffes
872 2122 1079 2170 demersae
1093 2158 1105 2180 5
1125 2124 1173 2169 ’ἕξ
1191 2121 1284 2167 duo
1309 2119 1512 2183 ingentes

226 2199 449 2245 exercitus
470 2216 570 2245 cum
592 2199 766 2245 duobus
788 2197 1029 2246 clariffimis
1050 2196 1234 2244 ducibus
1252 2194 1412 2251 deleti,
1429 2211 1511 2240 oc-

227 2274 467 2320 currebant
480 2310 493 2332 ,
514 2276 563 2320 &
581 2285 652 2320 tot
676 2273 791 2320 bella
810 2290 910 2320 cum
929 2267 1365 2334 Carthaginiensibus
1382 2277 1512 2313 tanto

229 2364 331 2394 cum
353 2347 608 2395 discrimine
638 2347 777 2410 gesta3
799 2359 869 2392 tot
894 2359 983 2392 tam
1002 2343 1208 2408 opulenti
1236 2341 1418 2406 tyranni
1440 2358 1512 2388 re-

229 2421 419 2486 gesque3
458 2433 620 2486 praeter
655 2432 829 2467 ceteros
867 2419 1034 2480 Hiero,
1064 2435 1166 2467 cum
1203 2415 1510 2465 recentiffimae
