<?xml version="1.0" encoding="UTF-8"?>
<!DOCTYPE html PUBLIC "-//W3C//DTD XHTML 1.0 Transitional//EN"
    "http://www.w3.org/TR/xhtml1/DTD/xhtml1-transitional.dtd">
<html xmlns="http://www.w3.org/1999/xhtml" xml:lang="en" lang="en">
 <head>
  <title>
</title>
<meta http-equiv="Content-Type" content="text/html;charset=utf-8" />
  <meta name='ocr-system' content='tesseract 3.04.00' />
  <meta name='ocr-capabilities' content='ocr_page ocr_carea ocr_par ocr_line ocrx_word'/>
</head>
<body>
  <div class='ocr_page' id='page_1' title='image "./historiarumlibri04livyuoft_0150.png"; bbox 0 0 1628 2890; ppageno 0'>
   <div class='ocr_carea' id='block_1_1' title="bbox 209 151 1133 217">
    <p class='ocr_par' dir='ltr' id='par_1_1' title="bbox 209 151 1133 217">
     <span class='ocr_line' id='line_1_1' title="bbox 209 151 1133 217; baseline -0.009 -13"><span class='ocrx_word' id='word_1_1' title='bbox 209 175 297 217; x_wconf 88' lang='lat'>142</span> <span class='ocrx_word' id='word_1_2' title='bbox 571 151 1133 198; x_wconf 79' lang='lat' dir='ltr'><strong>TITILIVII</strong></span> 
     </span>
    </p>
   </div>
   <div class='ocr_carea' id='block_1_2' title="bbox 197 255 1500 1428">
    <p class='ocr_par' dir='ltr' id='par_1_2' title="bbox 197 255 1500 1428">
     <span class='ocr_line' id='line_1_2' title="bbox 202 255 1494 329; baseline -0.005 -18"><span class='ocrx_word' id='word_1_3' title='bbox 202 262 373 329; x_wconf 86' lang='lat' dir='ltr'>proelio</span> <span class='ocrx_word' id='word_1_4' title='bbox 408 260 516 309; x_wconf 80' lang='lat' dir='ltr'>caesa</span> <span class='ocrx_word' id='word_1_5' title='bbox 537 294 551 318; x_wconf 87' lang='lat'>‚</span> <span class='ocrx_word' id='word_1_6' title='bbox 592 255 841 320; x_wconf 60' lang='lat' dir='ltr'>octingenti</span> <span class='ocrx_word' id='word_1_7' title='bbox 876 255 1016 303; x_wconf 87' lang='lat' dir='ltr'>ferme</span> <span class='ocrx_word' id='word_1_8' title='bbox 1049 255 1152 309; x_wconf 80' lang='lat' dir='ltr'>vivi</span> <span class='ocrx_word' id='word_1_9' title='bbox 1187 255 1321 319; x_wconf 85' lang='lat' dir='ltr'>capti.</span> <span class='ocrx_word' id='word_1_10' title='bbox 1364 255 1494 304; x_wconf 78' lang='lat' dir='ltr'>Alius</span> 
     </span>
     <span class='ocr_line' id='line_1_3' title="bbox 204 329 1500 396; baseline -0.005 -12"><span class='ocrx_word' id='word_1_11' title='bbox 204 336 428 384; x_wconf 84' lang='lat' dir='ltr'>exercitus</span> <span class='ocrx_word' id='word_1_12' title='bbox 462 333 612 396; x_wconf 75' lang='lat' dir='ltr'>primo</span> <span class='ocrx_word' id='word_1_13' title='bbox 641 348 721 394; x_wconf 89' lang='lat' dir='ltr'>per</span> <span class='ocrx_word' id='word_1_14' title='bbox 751 346 882 394; x_wconf 83' lang='lat' dir='ltr'>agros</span> <span class='ocrx_word' id='word_1_15' title='bbox 916 329 1134 393; x_wconf 77' lang='lat' dir='ltr'>silvasque</span> <span class='ocrx_word' id='word_1_16' title='bbox 1159 329 1265 395; x_wconf 85' lang='lat' dir='ltr'>fuga</span> <span class='ocrx_word' id='word_1_17' title='bbox 1297 331 1500 393; x_wconf 84' lang='lat' dir='ltr'>palatus;</span> 
     </span>
     <span class='ocr_line' id='line_1_4' title="bbox 204 403 1498 471; baseline -0.006 -14"><span class='ocrx_word' id='word_1_18' title='bbox 204 411 337 466; x_wconf 83' lang='lat' dir='ltr'>dein,</span> <span class='ocrx_word' id='word_1_19' title='bbox 362 423 458 471; x_wconf 87' lang='lat' dir='ltr'>quo</span> <span class='ocrx_word' id='word_1_20' title='bbox 488 407 651 452; x_wconf 91' lang='lat' dir='ltr'>ducem</span> <span class='ocrx_word' id='word_1_21' title='bbox 679 403 832 467; x_wconf 77' lang='lat' dir='ltr'>fugisse</span> <span class='ocrx_word' id='word_1_22' title='bbox 861 403 977 450; x_wconf 87' lang='lat' dir='ltr'>fama</span> <span class='ocrx_word' id='word_1_23' title='bbox 1000 414 1119 462; x_wconf 86' lang='lat' dir='ltr'>erat,</span> <span class='ocrx_word' id='word_1_24' title='bbox 1147 404 1202 450; x_wconf 90' lang='lat' dir='ltr'>ad</span> <span class='ocrx_word' id='word_1_25' title='bbox 1228 404 1387 449; x_wconf 80' lang='lat' dir='ltr'>urbem</span> <span class='ocrx_word' id='word_1_26' title='bbox 1407 420 1498 449; x_wconf 87' lang='lat' dir='ltr'>no-</span> 
     </span>
     <span class='ocr_line' id='line_1_5' title="bbox 201 474 1498 540; baseline -0.008 -10"><span class='ocrx_word' id='word_1_27' title='bbox 201 483 324 531; x_wconf 84' lang='lat' dir='ltr'>mine</span> <span class='ocrx_word' id='word_1_28' title='bbox 352 482 561 527; x_wconf 88' lang='lat' dir='ltr'>Cornum</span> <span class='ocrx_word' id='word_1_29' title='bbox 579 515 594 538; x_wconf 81' lang='grc'>,</span> <span class='ocrx_word' id='word_1_30' title='bbox 624 489 760 540; x_wconf 75' lang='lat' dir='ltr'>caput</span> <span class='ocrx_word' id='word_1_31' title='bbox 788 475 884 538; x_wconf 80' lang='lat' dir='ltr'>ejus</span> <span class='ocrx_word' id='word_1_32' title='bbox 913 476 1138 539; x_wconf 82' lang='lat' dir='ltr'>regionis,</span> <span class='ocrx_word' id='word_1_33' title='bbox 1160 474 1386 539; x_wconf 75' lang='lat' dir='ltr'><strong>confugit.</strong></span> <span class='ocrx_word' id='word_1_34' title='bbox 1423 475 1498 521; x_wconf 86' lang='lat' dir='ltr'>de-</span> 
     </span>
     <span class='ocr_line' id='line_1_6' title="bbox 201 551 1497 620; baseline -0.007 -14"><span class='ocrx_word' id='word_1_35' title='bbox 201 558 508 620; x_wconf 79' lang='lat' dir='ltr'>bellatumque</span> <span class='ocrx_word' id='word_1_36' title='bbox 534 571 591 600; x_wconf 91' lang='lat' dir='ltr'>eo</span> <span class='ocrx_word' id='word_1_37' title='bbox 623 551 793 617; x_wconf 87' lang='lat' dir='ltr'>proelio</span> <span class='ocrx_word' id='word_1_38' title='bbox 827 552 875 598; x_wconf 86' lang='lat' dir='ltr'>in</span> <span class='ocrx_word' id='word_1_39' title='bbox 892 551 1094 598; x_wconf 72' lang='lat' dir='ltr'>Sardinia</span> <span class='ocrx_word' id='word_1_40' title='bbox 1117 551 1222 597; x_wconf 77' lang='lat' dir='ltr'>effet</span> <span class='ocrx_word' id='word_1_41' title='bbox 1239 587 1253 610; x_wconf 86' lang='lat'><strong>‚</strong></span> <span class='ocrx_word' id='word_1_42' title='bbox 1280 552 1327 597; x_wconf 89' lang='lat' dir='ltr'>ni</span> <span class='ocrx_word' id='word_1_43' title='bbox 1355 551 1497 598; x_wconf 83' lang='lat' dir='ltr'>claffis</span> 
     </span>
     <span class='ocr_line' id='line_1_7' title="bbox 198 625 1498 689; baseline -0.005 -11"><span class='ocrx_word' id='word_1_44' title='bbox 198 632 371 678; x_wconf 87' lang='lat' dir='ltr'>Punica</span> <span class='ocrx_word' id='word_1_45' title='bbox 391 647 494 678; x_wconf 90' lang='lat' dir='ltr'>cum</span> <span class='ocrx_word' id='word_1_46' title='bbox 516 629 629 676; x_wconf 89' lang='lat' dir='ltr'>duce</span> <span class='ocrx_word' id='word_1_47' title='bbox 654 626 962 686; x_wconf 78' lang='lat' dir='ltr'>Hasdrubale,</span> <span class='ocrx_word' id='word_1_48' title='bbox 997 644 1097 689; x_wconf 81' lang='lat' dir='ltr'>quae</span> <span class='ocrx_word' id='word_1_49' title='bbox 1131 625 1390 689; x_wconf 83' lang='lat' dir='ltr'>tempestate</span> <span class='ocrx_word' id='word_1_50' title='bbox 1419 625 1498 671; x_wconf 91' lang='lat' dir='ltr'>de-</span> 
     </span>
     <span class='ocr_line' id='line_1_8' title="bbox 197 695 1497 768; baseline -0.008 -16"><span class='ocrx_word' id='word_1_51' title='bbox 197 705 311 768; x_wconf 62' lang='lat' dir='ltr'>jefila</span> <span class='ocrx_word' id='word_1_52' title='bbox 342 703 398 750; x_wconf 89' lang='lat' dir='ltr'>ad</span> <span class='ocrx_word' id='word_1_53' title='bbox 425 695 613 748; x_wconf 65' lang='lat' dir='ltr'>Baliares</span> <span class='ocrx_word' id='word_1_54' title='bbox 640 717 764 758; x_wconf 82' lang='lat' dir='ltr'>erat,</span> <span class='ocrx_word' id='word_1_55' title='bbox 800 700 847 746; x_wconf 89' lang='lat' dir='ltr'>in</span> <span class='ocrx_word' id='word_1_56' title='bbox 877 715 1085 762; x_wconf 86' lang='lat' dir='ltr'>tempore</span> <span class='ocrx_word' id='word_1_57' title='bbox 1115 699 1171 745; x_wconf 87' lang='lat' dir='ltr'>ad</span> <span class='ocrx_word' id='word_1_58' title='bbox 1205 697 1324 761; x_wconf 88' lang='lat' dir='ltr'>spem</span> <span class='ocrx_word' id='word_1_59' title='bbox 1350 696 1497 745; x_wconf 89' lang='lat' dir='ltr'>rebel-</span> 
     </span>
     <span class='ocr_line' id='line_1_9' title="bbox 200 769 1496 842; baseline -0.008 -16"><span class='ocrx_word' id='word_1_60' title='bbox 200 777 324 842; x_wconf 78' lang='lat' dir='ltr'>landi</span> <span class='ocrx_word' id='word_1_61' title='bbox 351 774 610 824; x_wconf 78' lang='lat' dir='ltr'>advenisset.</span> <span class='ocrx_word' id='word_1_62' title='bbox 639 772 840 820; x_wconf 86' lang='lat' dir='ltr'>Manlius</span> <span class='ocrx_word' id='word_1_63' title='bbox 862 772 964 835; x_wconf 87' lang='lat' dir='ltr'>post</span> <span class='ocrx_word' id='word_1_64' title='bbox 994 771 1157 818; x_wconf 83' lang='lat' dir='ltr'>samam</span> <span class='ocrx_word' id='word_1_65' title='bbox 1193 769 1387 834; x_wconf 81' lang='lat' dir='ltr'>appulsae</span> <span class='ocrx_word' id='word_1_66' title='bbox 1405 772 1496 816; x_wconf 89' lang='lat' dir='ltr'>Pu-</span> 
     </span>
     <span class='ocr_line' id='line_1_10' title="bbox 201 843 1496 909; baseline -0.008 -10"><span class='ocrx_word' id='word_1_67' title='bbox 201 852 316 899; x_wconf 85' lang='lat' dir='ltr'>nicae</span> <span class='ocrx_word' id='word_1_68' title='bbox 334 850 496 907; x_wconf 81' lang='lat' dir='ltr'>claffiS,</span> <span class='ocrx_word' id='word_1_69' title='bbox 517 847 700 895; x_wconf 80' lang='lat' dir='ltr'>Carales</span> <span class='ocrx_word' id='word_1_70' title='bbox 718 846 760 893; x_wconf 91' lang='lat' dir='ltr'>se</span> <span class='ocrx_word' id='word_1_71' title='bbox 787 845 972 909; x_wconf 85' lang='lat' dir='ltr'>recepit.</span> <span class='ocrx_word' id='word_1_72' title='bbox 1009 862 1060 892; x_wconf 87' lang='lat' dir='ltr'>ea</span> <span class='ocrx_word' id='word_1_73' title='bbox 1083 844 1262 892; x_wconf 86' lang='lat' dir='ltr'>occafio</span> <span class='ocrx_word' id='word_1_74' title='bbox 1286 843 1496 906; x_wconf 85' lang='lat' dir='ltr'>Hampfi-</span> 
     </span>
     <span class='ocr_line' id='line_1_11' title="bbox 203 916 1496 982; baseline -0.009 -9"><span class='ocrx_word' id='word_1_75' title='bbox 203 942 325 974; x_wconf 76' lang='lat' dir='ltr'>corae</span> <span class='ocrx_word' id='word_1_76' title='bbox 352 924 451 970; x_wconf 89' lang='lat' dir='ltr'>data</span> <span class='ocrx_word' id='word_1_77' title='bbox 472 924 619 969; x_wconf 88' lang='lat' dir='ltr'>Poeno</span> <span class='ocrx_word' id='word_1_78' title='bbox 646 919 688 966; x_wconf 93' lang='lat' dir='ltr'>se</span> <span class='ocrx_word' id='word_1_79' title='bbox 712 918 946 982; x_wconf 80' lang='lat' dir='ltr'>jungendi.</span> <span class='ocrx_word' id='word_1_80' title='bbox 982 916 1253 976; x_wconf 81' lang='lat' dir='ltr'>Hasdrubal,</span> <span class='ocrx_word' id='word_1_81' title='bbox 1283 916 1428 979; x_wconf 89' lang='lat' dir='ltr'>copiis</span> <span class='ocrx_word' id='word_1_82' title='bbox 1448 916 1496 962; x_wconf 85' lang='lat' dir='ltr'>in</span> 
     </span>
     <span class='ocr_line' id='line_1_12' title="bbox 199 990 1497 1060; baseline -0.008 -13"><span class='ocrx_word' id='word_1_83' title='bbox 199 1012 366 1048; x_wconf 91' lang='lat' dir='ltr'>terram</span> <span class='ocrx_word' id='word_1_84' title='bbox 391 996 628 1060; x_wconf 74' lang='lat' dir='ltr'>expofiti5‚</span> <span class='ocrx_word' id='word_1_85' title='bbox 648 997 698 1043; x_wconf 86' lang='lat'>&amp;</span> <span class='ocrx_word' id='word_1_86' title='bbox 715 993 844 1041; x_wconf 72' lang='lat' dir='ltr'>classe</span> <span class='ocrx_word' id='word_1_87' title='bbox 863 992 1034 1040; x_wconf 74' lang='lat' dir='ltr'>remissa</span> <span class='ocrx_word' id='word_1_88' title='bbox 1051 990 1368 1055; x_wconf 82' lang='lat' dir='ltr'>Carthaginem</span> <span class='ocrx_word' id='word_1_89' title='bbox 1382 1027 1397 1050; x_wconf 85' lang='lat'><strong>,</strong></span> <span class='ocrx_word' id='word_1_90' title='bbox 1416 990 1497 1036; x_wconf 85' lang='lat' dir='ltr'>clu-</span> 
     </span>
     <span class='ocr_line' id='line_1_13' title="bbox 202 1066 1496 1136; baseline -0.009 -14"><span class='ocrx_word' id='word_1_91' title='bbox 202 1091 254 1123; x_wconf 92' lang='lat' dir='ltr'>ce</span> <span class='ocrx_word' id='word_1_92' title='bbox 276 1072 573 1136; x_wconf 77' lang='lat' dir='ltr'>Hampsicora</span> <span class='ocrx_word' id='word_1_93' title='bbox 603 1067 659 1117; x_wconf 87' lang='lat' dir='ltr'>ad</span> <span class='ocrx_word' id='word_1_94' title='bbox 678 1068 910 1116; x_wconf 89' lang='lat' dir='ltr'>sociorum</span> <span class='ocrx_word' id='word_1_95' title='bbox 938 1067 1099 1131; x_wconf 86' lang='lat' dir='ltr'>populi</span> <span class='ocrx_word' id='word_1_96' title='bbox 1117 1066 1316 1113; x_wconf 86' lang='lat' dir='ltr'>Romani</span> <span class='ocrx_word' id='word_1_97' title='bbox 1340 1082 1496 1130; x_wconf 79' lang='lat' dir='ltr'>agrum</span> 
     </span>
     <span class='ocr_line' id='line_1_14' title="bbox 201 1140 1495 1212; baseline -0.005 -19"><span class='ocrx_word' id='word_1_98' title='bbox 201 1146 516 1212; x_wconf 88' lang='lat' dir='ltr'>populandum</span> <span class='ocrx_word' id='word_1_99' title='bbox 544 1142 801 1208; x_wconf 63' lang='lat' dir='ltr'>profectus,</span> <span class='ocrx_word' id='word_1_100' title='bbox 828 1140 1011 1189; x_wconf 81' lang='lat' dir='ltr'>Carales</span> <span class='ocrx_word' id='word_1_101' title='bbox 1041 1151 1346 1204; x_wconf 83' lang='lat' dir='ltr'>perventurus</span> <span class='ocrx_word' id='word_1_102' title='bbox 1373 1152 1495 1198; x_wconf 86' lang='lat' dir='ltr'>erat,</span> 
     </span>
     <span class='ocr_line' id='line_1_15' title="bbox 202 1212 1497 1276; baseline -0.007 -8"><span class='ocrx_word' id='word_1_103' title='bbox 202 1221 252 1268; x_wconf 84' lang='lat' dir='ltr'>ni</span> <span class='ocrx_word' id='word_1_104' title='bbox 282 1219 478 1266; x_wconf 82' lang='lat' dir='ltr'>Manlius</span> <span class='ocrx_word' id='word_1_105' title='bbox 508 1217 657 1265; x_wconf 90' lang='lat' dir='ltr'>obvio</span> <span class='ocrx_word' id='word_1_106' title='bbox 685 1215 890 1264; x_wconf 80' lang='lat' dir='ltr'>exercitu</span> <span class='ocrx_word' id='word_1_107' title='bbox 920 1214 975 1261; x_wconf 90' lang='lat' dir='ltr'>ab</span> <span class='ocrx_word' id='word_1_108' title='bbox 1011 1213 1144 1260; x_wconf 83' lang='lat' dir='ltr'>effusa</span> <span class='ocrx_word' id='word_1_109' title='bbox 1174 1230 1278 1261; x_wconf 90' lang='lat' dir='ltr'>eum</span> <span class='ocrx_word' id='word_1_110' title='bbox 1304 1212 1497 1276; x_wconf 82' lang='lat' dir='ltr'>popula-</span> 
     </span>
     <span class='ocr_line' id='line_1_16' title="bbox 202 1285 1496 1341; baseline -0.008 -2"><span class='ocrx_word' id='word_1_111' title='bbox 202 1292 331 1340; x_wconf 87' lang='lat' dir='ltr'>tione</span> <span class='ocrx_word' id='word_1_112' title='bbox 353 1289 654 1338; x_wconf 67' lang='lat' dir='ltr'>continuisset.</span> <span class='ocrx_word' id='word_1_113' title='bbox 686 1288 840 1335; x_wconf 87' lang='lat' dir='ltr'>P&#39;rimo</span> <span class='ocrx_word' id='word_1_114' title='bbox 864 1287 1003 1335; x_wconf 87' lang='lat' dir='ltr'>castra</span> <span class='ocrx_word' id='word_1_115' title='bbox 1031 1285 1181 1334; x_wconf 82' lang='lat' dir='ltr'>castris</span> <span class='ocrx_word' id='word_1_116' title='bbox 1206 1285 1393 1333; x_wconf 87' lang='lat' dir='ltr'>modico</span> <span class='ocrx_word' id='word_1_117' title='bbox 1426 1285 1496 1341; x_wconf 51' lang='lat' dir='ltr'>in,-</span> 
     </span>
     <span class='ocr_line' id='line_1_17' title="bbox 203 1360 1496 1428; baseline -0.008 -12"><span class='ocrx_word' id='word_1_118' title='bbox 203 1367 401 1416; x_wconf 86' lang='lat' dir='ltr'>tervallo</span> <span class='ocrx_word' id='word_1_119' title='bbox 420 1366 522 1414; x_wconf 88' lang='lat' dir='ltr'>sunt</span> <span class='ocrx_word' id='word_1_120' title='bbox 547 1364 749 1428; x_wconf 60' lang='lat' dir='ltr'>objeRa:</span> <span class='ocrx_word' id='word_1_121' title='bbox 785 1363 948 1411; x_wconf 89' lang='lat' dir='ltr'>deinde</span> <span class='ocrx_word' id='word_1_122' title='bbox 969 1361 1334 1426; x_wconf 83' lang='lat' dir='ltr'>procursationes</span> <span class='ocrx_word' id='word_1_123' title='bbox 1355 1360 1496 1410; x_wconf 87' lang='lat' dir='ltr'>levia-</span> 
     </span>
    </p>
   </div>
   <div class='ocr_carea' id='block_1_3' title="bbox 203 1437 1551 1507">
    <p class='ocr_par' dir='ltr' id='par_1_3' title="bbox 203 1437 1551 1507">
     <span class='ocr_line' id='line_1_18' title="bbox 203 1437 1551 1507; baseline -0.005 -17"><span class='ocrx_word' id='word_1_124' title='bbox 203 1461 291 1507; x_wconf 88' lang='lat' dir='ltr'>que</span> <span class='ocrx_word' id='word_1_125' title='bbox 330 1441 572 1490; x_wconf 86' lang='lat' dir='ltr'>certamina</span> <span class='ocrx_word' id='word_1_126' title='bbox 606 1440 739 1488; x_wconf 85' lang='lat' dir='ltr'>vario</span> <span class='ocrx_word' id='word_1_127' title='bbox 772 1452 941 1485; x_wconf 83' lang='lat' dir='ltr'>eventu</span> <span class='ocrx_word' id='word_1_128' title='bbox 975 1437 1116 1484; x_wconf 84' lang='lat' dir='ltr'>inita:</span> <span class='ocrx_word' id='word_1_129' title='bbox 1153 1437 1386 1501; x_wconf 87' lang='lat' dir='ltr'>postremo</span> <span class='ocrx_word' id='word_1_130' title='bbox 1421 1438 1496 1483; x_wconf 88' lang='lat' dir='ltr'>de·</span> <span class='ocrx_word' id='word_1_131' title='bbox 1540 1446 1551 1450; x_wconf 84' lang='grc'><strong><em>”</em></strong></span> 
     </span>
    </p>
   </div>
   <div class='ocr_carea' id='block_1_4' title="bbox 204 1510 1495 2529">
    <p class='ocr_par' dir='ltr' id='par_1_4' title="bbox 204 1510 1495 2237">
     <span class='ocr_line' id='line_1_19' title="bbox 204 1510 1495 1577; baseline -0.008 -12"><span class='ocrx_word' id='word_1_132' title='bbox 204 1516 404 1565; x_wconf 87' lang='lat' dir='ltr'>scensum</span> <span class='ocrx_word' id='word_1_133' title='bbox 427 1515 474 1562; x_wconf 83' lang='lat' dir='ltr'>in</span> <span class='ocrx_word' id='word_1_134' title='bbox 496 1515 638 1561; x_wconf 83' lang='lat' dir='ltr'>aciem</span> <span class='ocrx_word' id='word_1_135' title='bbox 654 1551 669 1574; x_wconf 83' lang='lat'>,</span> <span class='ocrx_word' id='word_1_136' title='bbox 699 1512 916 1577; x_wconf 79' lang='lat' dir='ltr'>signisque</span> <span class='ocrx_word' id='word_1_137' title='bbox 944 1512 1120 1559; x_wconf 81' lang='lat' dir='ltr'>collatis</span> <span class='ocrx_word' id='word_1_138' title='bbox 1137 1547 1151 1570; x_wconf 81' lang='lat'><strong>‚</strong></span> <span class='ocrx_word' id='word_1_139' title='bbox 1181 1510 1302 1572; x_wconf 83' lang='lat' dir='ltr'>justo</span> <span class='ocrx_word' id='word_1_140' title='bbox 1323 1510 1495 1574; x_wconf 83' lang='lat' dir='ltr'>proelio</span> 
     </span>
     <span class='ocr_line' id='line_1_20' title="bbox 204 1583 1494 1655; baseline -0.008 -17"><span class='ocrx_word' id='word_1_141' title='bbox 204 1608 285 1655; x_wconf 90' lang='lat' dir='ltr'>per</span> <span class='ocrx_word' id='word_1_142' title='bbox 313 1602 511 1653; x_wconf 81' lang='lat' dir='ltr'>quatuor</span> <span class='ocrx_word' id='word_1_143' title='bbox 529 1588 664 1635; x_wconf 82' lang='lat' dir='ltr'>horas</span> <span class='ocrx_word' id='word_1_144' title='bbox 684 1598 944 1651; x_wconf 83' lang='lat' dir='ltr'>pugnatum.</span> <span class='ocrx_word' id='word_1_145' title='bbox 977 1584 1075 1632; x_wconf 86' lang='lat' dir='ltr'>Diu</span> <span class='ocrx_word' id='word_1_146' title='bbox 1102 1601 1297 1647; x_wconf 78' lang='lat' dir='ltr'>pugnam</span> <span class='ocrx_word' id='word_1_147' title='bbox 1324 1583 1494 1646; x_wconf 83' lang='lat' dir='ltr'>ancipi-</span> 
     </span>
     <span class='ocr_line' id='line_1_21' title="bbox 205 1655 1494 1719; baseline -0.008 -7"><span class='ocrx_word' id='word_1_148' title='bbox 205 1677 295 1712; x_wconf 88' lang='lat' dir='ltr'>tem</span> <span class='ocrx_word' id='word_1_149' title='bbox 326 1661 490 1719; x_wconf 79' lang='lat' dir='ltr'>Poeni,</span> <span class='ocrx_word' id='word_1_150' title='bbox 525 1659 672 1706; x_wconf 85' lang='lat' dir='ltr'>Sardis</span> <span class='ocrx_word' id='word_1_151' title='bbox 707 1658 838 1706; x_wconf 87' lang='lat' dir='ltr'>facile</span> <span class='ocrx_word' id='word_1_152' title='bbox 867 1656 994 1704; x_wconf 76' lang='lat' dir='ltr'>vinci</span> <span class='ocrx_word' id='word_1_153' title='bbox 1025 1656 1231 1715; x_wconf 72' lang='lat' dir='ltr'>affueris,</span> <span class='ocrx_word' id='word_1_154' title='bbox 1259 1655 1494 1702; x_wconf 80' lang='lat' dir='ltr'>fecerunt:</span> 
     </span>
     <span class='ocr_line' id='line_1_22' title="bbox 205 1727 1494 1800; baseline -0.009 -17"><span class='ocrx_word' id='word_1_155' title='bbox 205 1735 436 1800; x_wconf 87' lang='lat' dir='ltr'>postremo</span> <span class='ocrx_word' id='word_1_156' title='bbox 467 1734 519 1780; x_wconf 87' lang='lat'>&amp;</span> <span class='ocrx_word' id='word_1_157' title='bbox 546 1732 627 1795; x_wconf 76' lang='lat' dir='ltr'>ipsi</span> <span class='ocrx_word' id='word_1_158' title='bbox 646 1768 659 1791; x_wconf 87' lang='lat'>‚</span> <span class='ocrx_word' id='word_1_159' title='bbox 694 1749 797 1778; x_wconf 89' lang='lat' dir='ltr'>cum</span> <span class='ocrx_word' id='word_1_160' title='bbox 829 1730 982 1777; x_wconf 89' lang='lat' dir='ltr'>omnia</span> <span class='ocrx_word' id='word_1_161' title='bbox 1006 1729 1124 1776; x_wconf 89' lang='lat' dir='ltr'>circa</span> <span class='ocrx_word' id='word_1_162' title='bbox 1154 1728 1291 1791; x_wconf 78' lang='lat' dir='ltr'>strage</span> <span class='ocrx_word' id='word_1_163' title='bbox 1318 1745 1369 1775; x_wconf 86' lang='lat' dir='ltr'>ac</span> <span class='ocrx_word' id='word_1_164' title='bbox 1390 1727 1494 1791; x_wconf 77' lang='lat' dir='ltr'>fuga</span> 
     </span>
     <span class='ocr_line' id='line_1_23' title="bbox 204 1802 1494 1868; baseline -0.008 -13"><span class='ocrx_word' id='word_1_165' title='bbox 204 1809 449 1856; x_wconf 86' lang='lat' dir='ltr'>Sardorum</span> <span class='ocrx_word' id='word_1_166' title='bbox 480 1806 653 1868; x_wconf 84' lang='lat' dir='ltr'>repleta.</span> <span class='ocrx_word' id='word_1_167' title='bbox 673 1805 837 1862; x_wconf 72' lang='lat' dir='ltr'>essent,</span> <span class='ocrx_word' id='word_1_168' title='bbox 864 1803 964 1850; x_wconf 81' lang='lat' dir='ltr'>fusi.</span> <span class='ocrx_word' id='word_1_169' title='bbox 1007 1814 1202 1850; x_wconf 88' lang='lat' dir='ltr'>ceterum</span> <span class='ocrx_word' id='word_1_170' title='bbox 1233 1814 1356 1864; x_wconf 80' lang='lat' dir='ltr'>terga</span> <span class='ocrx_word' id='word_1_171' title='bbox 1385 1802 1494 1847; x_wconf 85' lang='lat' dir='ltr'>dan-</span> 
     </span>
     <span class='ocr_line' id='line_1_24' title="bbox 204 1868 1495 1942; baseline -0.009 -12"><span class='ocrx_word' id='word_1_172' title='bbox 204 1897 295 1942; x_wconf 81' lang='lat' dir='ltr'>tes,</span> <span class='ocrx_word' id='word_1_173' title='bbox 322 1881 632 1929; x_wconf 66' lang='lat' dir='ltr'>circumducito</span> <span class='ocrx_word' id='word_1_174' title='bbox 652 1868 799 1932; x_wconf 59' lang='lat' dir='ltr'>cornu</span> <span class='ocrx_word' id='word_1_175' title='bbox 817 1915 830 1936; x_wconf 88' lang='lat'>,</span> <span class='ocrx_word' id='word_1_176' title='bbox 850 1895 943 1941; x_wconf 85' lang='lat' dir='ltr'>quo</span> <span class='ocrx_word' id='word_1_177' title='bbox 965 1876 1198 1940; x_wconf 76' lang='lat' dir='ltr'>pepulerat</span> <span class='ocrx_word' id='word_1_178' title='bbox 1217 1875 1402 1932; x_wconf 80' lang='lat' dir='ltr'>Sardos,</span> <span class='ocrx_word' id='word_1_179' title='bbox 1425 1874 1495 1919; x_wconf 82' lang='lat' dir='ltr'>in-</span> 
     </span>
     <span class='ocr_line' id='line_1_25' title="bbox 205 1950 1493 2013; baseline -0.008 -11"><span class='ocrx_word' id='word_1_180' title='bbox 205 1955 334 2003; x_wconf 85' lang='lat' dir='ltr'>clufit</span> <span class='ocrx_word' id='word_1_181' title='bbox 364 1955 614 2001; x_wconf 87' lang='lat' dir='ltr'>Romanus.</span> <span class='ocrx_word' id='word_1_182' title='bbox 651 1952 793 1999; x_wconf 77' lang='lat' dir='ltr'>caedes</span> <span class='ocrx_word' id='word_1_183' title='bbox 824 1952 927 1997; x_wconf 85' lang='lat' dir='ltr'>inde</span> <span class='ocrx_word' id='word_1_184' title='bbox 961 1950 1128 2013; x_wconf 74' lang='lat' dir='ltr'>magis,</span> <span class='ocrx_word' id='word_1_185' title='bbox 1155 1965 1288 2011; x_wconf 82' lang='lat' dir='ltr'>quam</span> <span class='ocrx_word' id='word_1_186' title='bbox 1317 1963 1493 2010; x_wconf 79' lang='lat' dir='ltr'>pugna,</span> 
     </span>
     <span class='ocr_line' id='line_1_26' title="bbox 205 2021 1492 2075; baseline -0.008 0"><span class='ocrx_word' id='word_1_187' title='bbox 205 2028 306 2075; x_wconf 83' lang='lat' dir='ltr'>fuit.</span> <span class='ocrx_word' id='word_1_188' title='bbox 343 2026 606 2074; x_wconf 87' lang='lat' dir='ltr'>Duodecim</span> <span class='ocrx_word' id='word_1_189' title='bbox 633 2024 773 2071; x_wconf 85' lang='lat' dir='ltr'>millia</span> <span class='ocrx_word' id='word_1_190' title='bbox 792 2023 989 2070; x_wconf 85' lang='lat' dir='ltr'>hostium</span> <span class='ocrx_word' id='word_1_191' title='bbox 1024 2022 1134 2070; x_wconf 80' lang='lat' dir='ltr'>caesa</span> <span class='ocrx_word' id='word_1_192' title='bbox 1161 2022 1405 2068; x_wconf 81' lang='lat' dir='ltr'>Sardorum</span> <span class='ocrx_word' id='word_1_193' title='bbox 1435 2021 1492 2065; x_wconf 75' lang='lat' dir='ltr'>si-</span> 
     </span>
     <span class='ocr_line' id='line_1_27' title="bbox 206 2093 1493 2161; baseline -0.006 -14"><span class='ocrx_word' id='word_1_194' title='bbox 206 2100 303 2147; x_wconf 87' lang='lat' dir='ltr'>mul</span> <span class='ocrx_word' id='word_1_195' title='bbox 320 2101 663 2161; x_wconf 73' lang='lat' dir='ltr'>Poenorumque</span> <span class='ocrx_word' id='word_1_196' title='bbox 677 2135 692 2155; x_wconf 92' lang='lat'>‚</span> <span class='ocrx_word' id='word_1_197' title='bbox 722 2097 861 2153; x_wconf 84' lang='lat' dir='ltr'>ferme</span> <span class='ocrx_word' id='word_1_198' title='bbox 884 2097 968 2143; x_wconf 87' lang='lat' dir='ltr'>tria</span> <span class='ocrx_word' id='word_1_199' title='bbox 987 2095 1127 2142; x_wconf 83' lang='lat' dir='ltr'>millia</span> <span class='ocrx_word' id='word_1_200' title='bbox 1148 2097 1198 2142; x_wconf 57' lang='grc' dir='ltr'>δι’</span> <span class='ocrx_word' id='word_1_201' title='bbox 1225 2093 1493 2158; x_wconf 81' lang='lat' dir='ltr'>septingenti</span> 
     </span>
     <span class='ocr_line' id='line_1_28' title="bbox 207 2168 1256 2237; baseline -0.008 -15"><span class='ocrx_word' id='word_1_202' title='bbox 207 2174 325 2237; x_wconf 87' lang='lat' dir='ltr'>capti</span> <span class='ocrx_word' id='word_1_203' title='bbox 341 2211 354 2232; x_wconf 92' lang='lat'>‚</span> <span class='ocrx_word' id='word_1_204' title='bbox 383 2175 433 2221; x_wconf 86' lang='lat'>&amp;</span> <span class='ocrx_word' id='word_1_205' title='bbox 455 2173 577 2236; x_wconf 83' lang='lat' dir='ltr'>figna</span> <span class='ocrx_word' id='word_1_206' title='bbox 593 2172 802 2220; x_wconf 85' lang='lat' dir='ltr'>militaria</span> <span class='ocrx_word' id='word_1_207' title='bbox 822 2171 987 2232; x_wconf 85' lang='lat' dir='ltr'>septem</span> <span class='ocrx_word' id='word_1_208' title='bbox 1012 2171 1061 2216; x_wconf 88' lang='lat'>&amp;</span> <span class='ocrx_word' id='word_1_209' title='bbox 1079 2168 1256 2232; x_wconf 81' lang='lat' dir='ltr'>viginti.</span> 
     </span>
    </p>

    <p class='ocr_par' dir='ltr' id='par_1_5' title="bbox 207 2238 1493 2529">
     <span class='ocr_line' id='line_1_29' title="bbox 272 2238 1491 2301; baseline -0.006 -9"><span class='ocrx_word' id='word_1_210' title='bbox 272 2247 388 2293; x_wconf 87' lang='lat' dir='ltr'><strong>XLI.</strong></span> <span class='ocrx_word' id='word_1_211' title='bbox 420 2247 538 2291; x_wconf 89' lang='lat' dir='ltr'>Ante</span> <span class='ocrx_word' id='word_1_212' title='bbox 569 2244 724 2290; x_wconf 85' lang='lat' dir='ltr'>omnia</span> <span class='ocrx_word' id='word_1_213' title='bbox 759 2243 926 2290; x_wconf 87' lang='lat' dir='ltr'>claram</span> <span class='ocrx_word' id='word_1_214' title='bbox 953 2243 1003 2288; x_wconf 87' lang='lat'>&amp;</span> <span class='ocrx_word' id='word_1_215' title='bbox 1033 2238 1376 2287; x_wconf 86' lang='lat' dir='ltr'>memorabilem</span> <span class='ocrx_word' id='word_1_216' title='bbox 1412 2256 1491 2301; x_wconf 82' lang='lat' dir='ltr'>pu·</span> 
     </span>
     <span class='ocr_line' id='line_1_30' title="bbox 207 2315 1492 2382; baseline -0.005 -17"><span class='ocrx_word' id='word_1_217' title='bbox 207 2336 339 2382; x_wconf 85' lang='lat' dir='ltr'>gnam</span> <span class='ocrx_word' id='word_1_218' title='bbox 361 2317 468 2365; x_wconf 84' lang='lat' dir='ltr'>fecit</span> <span class='ocrx_word' id='word_1_219' title='bbox 486 2315 730 2364; x_wconf 86' lang='lat' dir='ltr'>Hasdrubal</span> <span class='ocrx_word' id='word_1_220' title='bbox 750 2315 993 2378; x_wconf 89' lang='lat' dir='ltr'>imperator</span> <span class='ocrx_word' id='word_1_221' title='bbox 1013 2329 1169 2377; x_wconf 85' lang='lat' dir='ltr'>captus</span> <span class='ocrx_word' id='word_1_222' title='bbox 1183 2349 1197 2371; x_wconf 92' lang='lat'>,</span> <span class='ocrx_word' id='word_1_223' title='bbox 1223 2316 1272 2361; x_wconf 86' lang='lat'>&amp;</span> <span class='ocrx_word' id='word_1_224' title='bbox 1294 2315 1461 2360; x_wconf 85' lang='lat' dir='ltr'>Hanno</span> <span class='ocrx_word' id='word_1_225' title='bbox 1478 2350 1492 2371; x_wconf 73' lang='lat'>,</span> 
     </span>
     <span class='ocr_line' id='line_1_31' title="bbox 209 2389 1491 2456; baseline -0.004 -17"><span class='ocrx_word' id='word_1_226' title='bbox 209 2394 258 2439; x_wconf 86' lang='lat'>&amp;</span> <span class='ocrx_word' id='word_1_227' title='bbox 279 2393 417 2456; x_wconf 86' lang='lat' dir='ltr'>Mago</span> <span class='ocrx_word' id='word_1_228' title='bbox 432 2427 446 2450; x_wconf 86' lang='lat'><strong>,</strong></span> <span class='ocrx_word' id='word_1_229' title='bbox 470 2391 646 2438; x_wconf 85' lang='lat' dir='ltr'>nobiles</span> <span class='ocrx_word' id='word_1_230' title='bbox 667 2390 1081 2453; x_wconf 80' lang='lat' dir='ltr'>Carthaginienses:</span> <span class='ocrx_word' id='word_1_231' title='bbox 1113 2389 1250 2451; x_wconf 80' lang='lat' dir='ltr'>Mago</span> <span class='ocrx_word' id='word_1_232' title='bbox 1283 2405 1337 2434; x_wconf 76' lang='lat' dir='ltr'>ex</span> <span class='ocrx_word' id='word_1_233' title='bbox 1360 2400 1491 2453; x_wconf 77' lang='lat' dir='ltr'>gente</span> 
     </span>
     <span class='ocr_line' id='line_1_32' title="bbox 211 2459 1493 2529; baseline -0.005 -18"><span class='ocrx_word' id='word_1_234' title='bbox 211 2464 396 2514; x_wconf 79' lang='lat' dir='ltr'>Barcina</span> <span class='ocrx_word' id='word_1_235' title='bbox 423 2498 439 2522; x_wconf 84' lang='lat'>‚</span> <span class='ocrx_word' id='word_1_236' title='bbox 472 2463 735 2529; x_wconf 84' lang='lat' dir='ltr'>propinqua</span> <span class='ocrx_word' id='word_1_237' title='bbox 783 2461 1060 2526; x_wconf 78' lang='lat' dir='ltr'>cognatione</span> <span class='ocrx_word' id='word_1_238' title='bbox 1102 2460 1343 2508; x_wconf 75' lang='lat' dir='ltr'>Hannibali</span> <span class='ocrx_word' id='word_1_239' title='bbox 1390 2459 1493 2518; x_wconf 56' lang='lat' dir='ltr'>jun-2</span> 
     </span>
    </p>
   </div>
  </div>
 </body>
</html>
