<?xml version="1.0" encoding="UTF-8"?>
<!DOCTYPE html PUBLIC "-//W3C//DTD XHTML 1.0 Transitional//EN"
    "http://www.w3.org/TR/xhtml1/DTD/xhtml1-transitional.dtd">
<html xmlns="http://www.w3.org/1999/xhtml" xml:lang="en" lang="en">
 <head>
  <title>
</title>
<meta http-equiv="Content-Type" content="text/html;charset=utf-8" />
  <meta name='ocr-system' content='tesseract 3.04.00' />
  <meta name='ocr-capabilities' content='ocr_page ocr_carea ocr_par ocr_line ocrx_word'/>
</head>
<body>
  <div class='ocr_page' id='page_1' title='image "./historiarumlibri04livyuoft_0457.png"; bbox 0 0 1628 2890; ppageno 0'>
   <div class='ocr_carea' id='block_1_1' title="bbox 252 149 1393 215">
    <p class='ocr_par' dir='ltr' id='par_1_1' title="bbox 252 149 1393 215">
     <span class='ocr_line' id='line_1_1' title="bbox 252 149 1393 215; baseline 0.001 -20"><span class='ocrx_word' id='word_1_1' title='bbox 252 149 808 198; x_wconf 74' lang='lat' dir='ltr'>HISTORIARUM</span> <span class='ocrx_word' id='word_1_2' title='bbox 842 150 1225 199; x_wconf 86' lang='lat' dir='ltr'>LIB.XXV11.</span> <span class='ocrx_word' id='word_1_3' title='bbox 1297 169 1393 215; x_wconf 69' lang='lat'>447</span> 
     </span>
    </p>
   </div>
   <div class='ocr_carea' id='block_1_2' title="bbox 108 253 1397 980">
    <p class='ocr_par' dir='ltr' id='par_1_2' title="bbox 108 253 1397 980">
     <span class='ocr_line' id='line_1_2' title="bbox 115 253 1394 321; baseline 0.004 -20"><span class='ocrx_word' id='word_1_4' title='bbox 115 253 218 301; x_wconf 85' lang='lat' dir='ltr'>suos</span> <span class='ocrx_word' id='word_1_5' title='bbox 241 272 343 302; x_wconf 75' lang='lat' dir='ltr'>cum</span> <span class='ocrx_word' id='word_1_6' title='bbox 368 254 495 302; x_wconf 85' lang='lat' dir='ltr'>hoste</span> <span class='ocrx_word' id='word_1_7' title='bbox 514 254 733 302; x_wconf 83' lang='lat' dir='ltr'>destinato</span> <span class='ocrx_word' id='word_1_8' title='bbox 764 256 818 302; x_wconf 82' lang='lat' dir='ltr'>ab</span> <span class='ocrx_word' id='word_1_9' title='bbox 838 254 989 303; x_wconf 83' lang='lat' dir='ltr'>senatu</span> <span class='ocrx_word' id='word_1_10' title='bbox 1013 256 1179 304; x_wconf 86' lang='lat' dir='ltr'>bellum</span> <span class='ocrx_word' id='word_1_11' title='bbox 1199 271 1394 321; x_wconf 78' lang='lat' dir='ltr'><strong>gereret:</strong></span> 
     </span>
     <span class='ocr_line' id='line_1_3' title="bbox 111 327 1394 394; baseline 0.004 -20"><span class='ocrx_word' id='word_1_12' title='bbox 111 329 365 375; x_wconf 86' lang='lat' dir='ltr'>audendum</span> <span class='ocrx_word' id='word_1_13' title='bbox 388 328 554 391; x_wconf 82' lang='lat' dir='ltr'>aliquid</span> <span class='ocrx_word' id='word_1_14' title='bbox 574 327 873 390; x_wconf 87' lang='lat' dir='ltr'>improvisum</span> <span class='ocrx_word' id='word_1_15' title='bbox 893 365 906 383; x_wconf 94' lang='lat'><strong>‚</strong></span> <span class='ocrx_word' id='word_1_16' title='bbox 924 328 1237 390; x_wconf 85' lang='lat' dir='ltr'>inopinatum,</span> <span class='ocrx_word' id='word_1_17' title='bbox 1266 334 1394 394; x_wconf 83' lang='lat' dir='ltr'>quod</span> 
     </span>
     <span class='ocr_line' id='line_1_4' title="bbox 113 400 1397 464; baseline 0.003 -18"><span class='ocrx_word' id='word_1_18' title='bbox 113 412 318 462; x_wconf 84' lang='lat' dir='ltr'>coeptum</span> <span class='ocrx_word' id='word_1_19' title='bbox 346 418 443 447; x_wconf 89' lang='lat' dir='ltr'>non</span> <span class='ocrx_word' id='word_1_20' title='bbox 465 401 688 448; x_wconf 85' lang='lat' dir='ltr'>minorem</span> <span class='ocrx_word' id='word_1_21' title='bbox 722 401 842 464; x_wconf 84' lang='lat' dir='ltr'>apud</span> <span class='ocrx_word' id='word_1_22' title='bbox 870 400 994 447; x_wconf 81' lang='lat' dir='ltr'>cives</span> <span class='ocrx_word' id='word_1_23' title='bbox 1013 436 1026 458; x_wconf 83' lang='grc'><em>,</em></span> <span class='ocrx_word' id='word_1_24' title='bbox 1049 418 1181 464; x_wconf 88' lang='lat' dir='ltr'>quam</span> <span class='ocrx_word' id='word_1_25' title='bbox 1213 403 1361 450; x_wconf 89' lang='lat' dir='ltr'>hostes</span> <span class='ocrx_word' id='word_1_26' title='bbox 1378 419 1397 460; x_wconf 65' lang='lat'>,²</span> 
     </span>
     <span class='ocr_line' id='line_1_5' title="bbox 113 475 1396 539; baseline 0.005 -20"><span class='ocrx_word' id='word_1_27' title='bbox 113 486 331 522; x_wconf 86' lang='lat' dir='ltr'>terrorem</span> <span class='ocrx_word' id='word_1_28' title='bbox 362 475 557 535; x_wconf 82' lang='lat' dir='ltr'>faceret,</span> <span class='ocrx_word' id='word_1_29' title='bbox 582 488 886 539; x_wconf 86' lang='lat' dir='ltr'>perpetratum</span> <span class='ocrx_word' id='word_1_30' title='bbox 905 475 952 521; x_wconf 88' lang='lat' dir='ltr'>in</span> <span class='ocrx_word' id='word_1_31' title='bbox 971 493 1175 539; x_wconf 85' lang='lat' dir='ltr'>magnam</span> <span class='ocrx_word' id='word_1_32' title='bbox 1195 478 1396 527; x_wconf 74' lang='lat' dir='ltr'>laetitiam</span> 
     </span>
     <span class='ocr_line' id='line_1_6' title="bbox 112 548 1396 611; baseline 0.004 -19"><span class='ocrx_word' id='word_1_33' title='bbox 112 562 166 592; x_wconf 88' lang='lat' dir='ltr'>ex</span> <span class='ocrx_word' id='word_1_34' title='bbox 198 564 362 611; x_wconf 79' lang='lat' dir='ltr'>magno</span> <span class='ocrx_word' id='word_1_35' title='bbox 393 560 515 595; x_wconf 88' lang='lat' dir='ltr'>metu</span> <span class='ocrx_word' id='word_1_36' title='bbox 543 560 774 605; x_wconf 79' lang='lat' dir='ltr'>verteret3</span> <span class='ocrx_word' id='word_1_37' title='bbox 808 548 946 594; x_wconf 84' lang='lat' dir='ltr'>literis</span> <span class='ocrx_word' id='word_1_38' title='bbox 975 548 1262 596; x_wconf 75' lang='lat' dir='ltr'>Hasdrubalis</span> <span class='ocrx_word' id='word_1_39' title='bbox 1298 552 1396 597; x_wconf 79' lang='lat' dir='ltr'>Ro-</span> 
     </span>
     <span class='ocr_line' id='line_1_7' title="bbox 108 621 1396 684; baseline 0.004 -18"><span class='ocrx_word' id='word_1_40' title='bbox 108 636 231 666; x_wconf 82' lang='lat' dir='ltr'>mam</span> <span class='ocrx_word' id='word_1_41' title='bbox 263 622 317 667; x_wconf 86' lang='lat' dir='ltr'>ad</span> <span class='ocrx_word' id='word_1_42' title='bbox 348 621 543 667; x_wconf 87' lang='lat' dir='ltr'>senatum</span> <span class='ocrx_word' id='word_1_43' title='bbox 567 621 728 676; x_wconf 71' lang='lat' dir='ltr'>mistis,</span> <span class='ocrx_word' id='word_1_44' title='bbox 757 621 882 667; x_wconf 76' lang='lat' dir='ltr'>simul</span> <span class='ocrx_word' id='word_1_45' title='bbox 907 623 956 668; x_wconf 88' lang='lat'>&amp;</span> <span class='ocrx_word' id='word_1_46' title='bbox 986 622 1075 684; x_wconf 86' lang='lat' dir='ltr'>ipse</span> <span class='ocrx_word' id='word_1_47' title='bbox 1105 624 1253 670; x_wconf 85' lang='lat' dir='ltr'>Patres</span> <span class='ocrx_word' id='word_1_48' title='bbox 1277 642 1396 671; x_wconf 86' lang='lat' dir='ltr'>con-</span> 
     </span>
     <span class='ocr_line' id='line_1_8' title="bbox 110 690 1395 756; baseline 0.002 -19"><span class='ocrx_word' id='word_1_49' title='bbox 110 690 331 754; x_wconf 77' lang='lat' dir='ltr'>scriptos,</span> <span class='ocrx_word' id='word_1_50' title='bbox 363 694 471 756; x_wconf 83' lang='lat' dir='ltr'>quid</span> <span class='ocrx_word' id='word_1_51' title='bbox 502 705 707 756; x_wconf 78' lang='lat' dir='ltr'>pararet,</span> <span class='ocrx_word' id='word_1_52' title='bbox 735 693 896 740; x_wconf 78' lang='lat' dir='ltr'>edocet</span> <span class='ocrx_word' id='word_1_53' title='bbox 913 729 928 751; x_wconf 74' lang='lat'>,</span> <span class='ocrx_word' id='word_1_54' title='bbox 961 706 1010 739; x_wconf 89' lang='lat' dir='ltr'>ut</span> <span class='ocrx_word' id='word_1_55' title='bbox 1025 730 1040 751; x_wconf 81' lang='grc'>,</span> <span class='ocrx_word' id='word_1_56' title='bbox 1077 712 1180 741; x_wconf 90' lang='lat' dir='ltr'>cum</span> <span class='ocrx_word' id='word_1_57' title='bbox 1203 697 1250 742; x_wconf 87' lang='lat' dir='ltr'>in</span> <span class='ocrx_word' id='word_1_58' title='bbox 1277 700 1395 745; x_wconf 70' lang='lat' dir='ltr'>Um·-</span> 
     </span>
     <span class='ocr_line' id='line_1_9' title="bbox 110 763 1395 833; baseline 0.005 -23"><span class='ocrx_word' id='word_1_59' title='bbox 110 763 209 811; x_wconf 86' lang='lat' dir='ltr'>bria</span> <span class='ocrx_word' id='word_1_60' title='bbox 241 765 283 812; x_wconf 90' lang='lat' dir='ltr'>se</span> <span class='ocrx_word' id='word_1_61' title='bbox 311 766 602 813; x_wconf 81' lang='lat' dir='ltr'>occursurum</span> <span class='ocrx_word' id='word_1_62' title='bbox 625 766 869 812; x_wconf 71' lang='lat' dir='ltr'>Hasdrubal</span> <span class='ocrx_word' id='word_1_63' title='bbox 892 766 1014 812; x_wconf 84' lang='lat' dir='ltr'>fratri</span> <span class='ocrx_word' id='word_1_64' title='bbox 1037 767 1222 827; x_wconf 83' lang='lat' dir='ltr'>scribat,</span> <span class='ocrx_word' id='word_1_65' title='bbox 1250 769 1395 833; x_wconf 79' lang='lat' dir='ltr'>legio-</span> 
     </span>
     <span class='ocr_line' id='line_1_10' title="bbox 110 840 1396 901; baseline 0.006 -19"><span class='ocrx_word' id='word_1_66' title='bbox 110 853 216 883; x_wconf 86' lang='lat' dir='ltr'>nem</span> <span class='ocrx_word' id='word_1_67' title='bbox 245 855 269 884; x_wconf 87' lang='lat' dir='ltr'>a</span> <span class='ocrx_word' id='word_1_68' title='bbox 294 840 452 901; x_wconf 84' lang='lat' dir='ltr'>Capua</span> <span class='ocrx_word' id='word_1_69' title='bbox 484 841 678 886; x_wconf 85' lang='lat' dir='ltr'>Romam</span> <span class='ocrx_word' id='word_1_70' title='bbox 707 840 944 897; x_wconf 76' lang='lat' dir='ltr'>arceffant3</span> <span class='ocrx_word' id='word_1_71' title='bbox 981 841 1198 888; x_wconf 58' lang='lat' dir='ltr'>delectum</span> <span class='ocrx_word' id='word_1_72' title='bbox 1233 844 1396 890; x_wconf 83' lang='lat' dir='ltr'>Romae</span> 
     </span>
     <span class='ocr_line' id='line_1_11' title="bbox 109 909 1395 980; baseline 0.006 -25"><span class='ocrx_word' id='word_1_73' title='bbox 109 909 329 969; x_wconf 81' lang='lat' dir='ltr'>habeant3</span> <span class='ocrx_word' id='word_1_74' title='bbox 359 913 606 960; x_wconf 74' lang='lat' dir='ltr'>exercitum</span> <span class='ocrx_word' id='word_1_75' title='bbox 624 913 841 959; x_wconf 82' lang='lat' dir='ltr'>urbanum</span> <span class='ocrx_word' id='word_1_76' title='bbox 859 914 912 959; x_wconf 79' lang='lat' dir='ltr'>acl</span> <span class='ocrx_word' id='word_1_77' title='bbox 932 914 1148 962; x_wconf 77' lang='lat' dir='ltr'><strong>Narniam</strong></span> <span class='ocrx_word' id='word_1_78' title='bbox 1170 916 1286 962; x_wconf 85' lang='lat' dir='ltr'>hosti</span> <span class='ocrx_word' id='word_1_79' title='bbox 1306 934 1395 980; x_wconf 89' lang='lat' dir='ltr'>op-</span> 
     </span>
    </p>
   </div>
   <div class='ocr_carea' id='block_1_3' title="bbox 40 984 1394 1050">
    <p class='ocr_par' dir='ltr' id='par_1_3' title="bbox 40 984 1394 1050">
     <span class='ocr_line' id='line_1_12' title="bbox 40 984 1394 1050; baseline 0.004 -21"><span class='ocrx_word' id='word_1_80' title='bbox 40 1013 43 1015; x_wconf 98' lang='grc'>-</span> <span class='ocrx_word' id='word_1_81' title='bbox 109 998 300 1045; x_wconf 85' lang='lat' dir='ltr'>ponant.</span> <span class='ocrx_word' id='word_1_82' title='bbox 348 986 458 1032; x_wconf 84' lang='lat' dir='ltr'>Haec</span> <span class='ocrx_word' id='word_1_83' title='bbox 498 984 665 1032; x_wconf 81' lang='lat' dir='ltr'>senatui</span> <span class='ocrx_word' id='word_1_84' title='bbox 705 985 879 1048; x_wconf 86' lang='lat' dir='ltr'>scripta.</span> <span class='ocrx_word' id='word_1_85' title='bbox 925 985 1134 1031; x_wconf 81' lang='lat' dir='ltr'>Praemiffi</span> <span class='ocrx_word' id='word_1_86' title='bbox 1172 986 1278 1033; x_wconf 89' lang='lat' dir='ltr'>item</span> <span class='ocrx_word' id='word_1_87' title='bbox 1314 1005 1394 1050; x_wconf 85' lang='lat' dir='ltr'>per</span> 
     </span>
    </p>
   </div>
   <div class='ocr_carea' id='block_1_4' title="bbox 103 1059 1396 2509">
    <p class='ocr_par' dir='ltr' id='par_1_4' title="bbox 103 1059 1396 1995">
     <span class='ocr_line' id='line_1_13' title="bbox 109 1059 1396 1123; baseline 0.004 -19"><span class='ocrx_word' id='word_1_88' title='bbox 109 1075 265 1122; x_wconf 79' lang='lat' dir='ltr'>agrum</span> <span class='ocrx_word' id='word_1_89' title='bbox 287 1059 538 1106; x_wconf 78' lang='lat' dir='ltr'>Larinatem</span> <span class='ocrx_word' id='word_1_90' title='bbox 555 1095 568 1117; x_wconf 86' lang='lat'>‚</span> <span class='ocrx_word' id='word_1_91' title='bbox 593 1061 899 1107; x_wconf 88' lang='lat' dir='ltr'>Marrucinum</span> <span class='ocrx_word' id='word_1_92' title='bbox 915 1097 929 1119; x_wconf 85' lang='lat'>,</span> <span class='ocrx_word' id='word_1_93' title='bbox 953 1063 1252 1123; x_wconf 84' lang='lat' dir='ltr'>Frentanum,</span> <span class='ocrx_word' id='word_1_94' title='bbox 1279 1069 1396 1116; x_wconf 65' lang='lat' dir='ltr'>Prae.</span> 
     </span>
     <span class='ocr_line' id='line_1_14' title="bbox 103 1132 1396 1195; baseline 0.009 -19"><span class='ocrx_word' id='word_1_95' title='bbox 103 1132 355 1191; x_wconf 69' lang='lat' dir='ltr'>⁴tutianum,</span> <span class='ocrx_word' id='word_1_96' title='bbox 382 1149 470 1195; x_wconf 87' lang='lat' dir='ltr'>qua</span> <span class='ocrx_word' id='word_1_97' title='bbox 498 1133 748 1180; x_wconf 82' lang='lat' dir='ltr'>exercitum</span> <span class='ocrx_word' id='word_1_98' title='bbox 781 1134 993 1181; x_wconf 66' lang='lat' dir='ltr'>dfflurus</span> <span class='ocrx_word' id='word_1_99' title='bbox 1012 1147 1134 1194; x_wconf 85' lang='lat' dir='ltr'>erat,</span> <span class='ocrx_word' id='word_1_100' title='bbox 1166 1149 1216 1184; x_wconf 90' lang='lat' dir='ltr'>ut</span> <span class='ocrx_word' id='word_1_101' title='bbox 1234 1154 1396 1191; x_wconf 74' lang='lat' dir='ltr'>omnes</span> 
     </span>
     <span class='ocr_line' id='line_1_15' title="bbox 109 1204 1395 1269; baseline 0.009 -21"><span class='ocrx_word' id='word_1_102' title='bbox 109 1219 166 1248; x_wconf 79' lang='lat' dir='ltr'>ex</span> <span class='ocrx_word' id='word_1_103' title='bbox 201 1204 314 1266; x_wconf 79' lang='lat' dir='ltr'>agris</span> <span class='ocrx_word' id='word_1_104' title='bbox 344 1205 614 1268; x_wconf 79' lang='lat' dir='ltr'>urbibusque</span> <span class='ocrx_word' id='word_1_105' title='bbox 647 1217 925 1253; x_wconf 85' lang='lat' dir='ltr'>commeatus</span> <span class='ocrx_word' id='word_1_106' title='bbox 959 1221 1136 1269; x_wconf 82' lang='lat' dir='ltr'>paratos</span> <span class='ocrx_word' id='word_1_107' title='bbox 1170 1211 1300 1259; x_wconf 82' lang='lat' dir='ltr'>militi</span> <span class='ocrx_word' id='word_1_108' title='bbox 1338 1215 1395 1260; x_wconf 84' lang='lat' dir='ltr'>ad</span> 
     </span>
     <span class='ocr_line' id='line_1_16' title="bbox 108 1274 1393 1348; baseline 0.009 -29"><span class='ocrx_word' id='word_1_109' title='bbox 108 1274 385 1321; x_wconf 79' lang='lat' dir='ltr'>vescendum</span> <span class='ocrx_word' id='word_1_110' title='bbox 420 1276 467 1323; x_wconf 85' lang='lat' dir='ltr'>in</span> <span class='ocrx_word' id='word_1_111' title='bbox 495 1277 616 1324; x_wconf 85' lang='lat' dir='ltr'>viam</span> <span class='ocrx_word' id='word_1_112' title='bbox 643 1277 899 1335; x_wconf 85' lang='lat' dir='ltr'>deferrent,</span> <span class='ocrx_word' id='word_1_113' title='bbox 933 1294 1076 1342; x_wconf 76' lang='lat' dir='ltr'>equos</span> <span class='ocrx_word' id='word_1_114' title='bbox 1104 1279 1393 1348; x_wconf 80' lang='lat' dir='ltr'>jumentaque</span> 
     </span>
     <span class='ocr_line' id='line_1_17' title="bbox 108 1347 1394 1417; baseline 0.009 -26"><span class='ocrx_word' id='word_1_115' title='bbox 108 1347 192 1392; x_wconf 80' lang='lat' dir='ltr'>alia</span> <span class='ocrx_word' id='word_1_116' title='bbox 227 1349 567 1409; x_wconf 86' lang='lat' dir='ltr'>producerent,</span> <span class='ocrx_word' id='word_1_117' title='bbox 598 1363 648 1396; x_wconf 88' lang='lat' dir='ltr'>ut</span> <span class='ocrx_word' id='word_1_118' title='bbox 671 1350 987 1398; x_wconf 86' lang='lat' dir='ltr'>vehiculorum</span> <span class='ocrx_word' id='word_1_119' title='bbox 1019 1351 1132 1398; x_wconf 78' lang='lat' dir='ltr'>feffis</span> <span class='ocrx_word' id='word_1_120' title='bbox 1163 1355 1296 1417; x_wconf 82' lang='lat' dir='ltr'>copia</span> <span class='ocrx_word' id='word_1_121' title='bbox 1324 1358 1394 1403; x_wconf 80' lang='lat' dir='ltr'>es-</span> 
     </span>
     <span class='ocr_line' id='line_1_18' title="bbox 107 1420 1395 1493; baseline 0.01 -28"><span class='ocrx_word' id='word_1_122' title='bbox 107 1420 183 1466; x_wconf 86' lang='lat' dir='ltr'>set.</span> <span class='ocrx_word' id='word_1_123' title='bbox 206 1420 296 1482; x_wconf 84' lang='lat' dir='ltr'>lpse</span> <span class='ocrx_word' id='word_1_124' title='bbox 316 1421 368 1468; x_wconf 86' lang='lat' dir='ltr'>de</span> <span class='ocrx_word' id='word_1_125' title='bbox 385 1433 489 1469; x_wconf 88' lang='lat' dir='ltr'>toto</span> <span class='ocrx_word' id='word_1_126' title='bbox 508 1423 707 1471; x_wconf 81' lang='lat' dir='ltr'>exercitu</span> <span class='ocrx_word' id='word_1_127' title='bbox 729 1423 894 1471; x_wconf 88' lang='lat' dir='ltr'>civium</span> <span class='ocrx_word' id='word_1_128' title='bbox 914 1423 1254 1490; x_wconf 80' lang='lat' dir='ltr'>sociorumque,</span> <span class='ocrx_word' id='word_1_129' title='bbox 1267 1432 1395 1493; x_wconf 70' lang='lat' dir='ltr'>quod</span> 
     </span>
     <span class='ocr_line' id='line_1_19' title="bbox 106 1494 1393 1561; baseline 0.007 -20"><span class='ocrx_word' id='word_1_130' title='bbox 106 1494 291 1541; x_wconf 76' lang='lat' dir='ltr'>roboris</span> <span class='ocrx_word' id='word_1_131' title='bbox 331 1508 454 1552; x_wconf 80' lang='lat' dir='ltr'>erat,</span> <span class='ocrx_word' id='word_1_132' title='bbox 489 1496 683 1560; x_wconf 82' lang='lat' dir='ltr'>delegit,</span> <span class='ocrx_word' id='word_1_133' title='bbox 719 1496 792 1543; x_wconf 75' lang='lat' dir='ltr'>sex</span> <span class='ocrx_word' id='word_1_134' title='bbox 823 1498 962 1544; x_wconf 86' lang='lat' dir='ltr'>millia</span> <span class='ocrx_word' id='word_1_135' title='bbox 994 1499 1194 1561; x_wconf 85' lang='lat' dir='ltr'>peditum</span> <span class='ocrx_word' id='word_1_136' title='bbox 1214 1538 1228 1559; x_wconf 82' lang='lat'>‚</span> <span class='ocrx_word' id='word_1_137' title='bbox 1268 1505 1393 1550; x_wconf 84' lang='lat' dir='ltr'>mille</span> 
     </span>
     <span class='ocr_line' id='line_1_20' title="bbox 109 1567 1391 1637; baseline 0.009 -25"><span class='ocrx_word' id='word_1_138' title='bbox 109 1567 299 1629; x_wconf 78' lang='lat' dir='ltr'>equites:</span> <span class='ocrx_word' id='word_1_139' title='bbox 329 1570 621 1630; x_wconf 79' lang='lat' dir='ltr'>pronuntiat,</span> <span class='ocrx_word' id='word_1_140' title='bbox 653 1587 874 1633; x_wconf 88' lang='lat' dir='ltr'>occupare</span> <span class='ocrx_word' id='word_1_141' title='bbox 893 1571 998 1618; x_wconf 89' lang='lat' dir='ltr'>sein</span> <span class='ocrx_word' id='word_1_142' title='bbox 1018 1575 1207 1620; x_wconf 69' lang='lat' dir='ltr'>Lucanis</span> <span class='ocrx_word' id='word_1_143' title='bbox 1235 1579 1391 1637; x_wconf 75' lang='lat' dir='ltr'>proxi-</span> 
     </span>
     <span class='ocr_line' id='line_1_21' title="bbox 109 1641 1393 1707; baseline 0.009 -21"><span class='ocrx_word' id='word_1_144' title='bbox 109 1658 228 1687; x_wconf 80' lang='lat' dir='ltr'>mam</span> <span class='ocrx_word' id='word_1_145' title='bbox 255 1641 409 1687; x_wconf 82' lang='lat' dir='ltr'>urbem</span> <span class='ocrx_word' id='word_1_146' title='bbox 434 1643 742 1706; x_wconf 77' lang='lat' dir='ltr'>Punicumque</span> <span class='ocrx_word' id='word_1_147' title='bbox 760 1644 803 1689; x_wconf 88' lang='lat' dir='ltr'>in</span> <span class='ocrx_word' id='word_1_148' title='bbox 825 1662 875 1691; x_wconf 85' lang='lat' dir='ltr'>ea</span> <span class='ocrx_word' id='word_1_149' title='bbox 898 1645 1150 1707; x_wconf 79' lang='lat' dir='ltr'>praefidium</span> <span class='ocrx_word' id='word_1_150' title='bbox 1173 1649 1315 1703; x_wconf 73' lang='lat' dir='ltr'>velle3</span> <span class='ocrx_word' id='word_1_151' title='bbox 1344 1665 1393 1698; x_wconf 82' lang='lat' dir='ltr'>ut</span> 
     </span>
     <span class='ocr_line' id='line_1_22' title="bbox 108 1713 1391 1775; baseline 0.009 -18"><span class='ocrx_word' id='word_1_152' title='bbox 108 1714 160 1758; x_wconf 84' lang='lat' dir='ltr'>ad</span> <span class='ocrx_word' id='word_1_153' title='bbox 191 1713 273 1758; x_wconf 86' lang='lat' dir='ltr'>iter</span> <span class='ocrx_word' id='word_1_154' title='bbox 295 1713 433 1775; x_wconf 82' lang='lat' dir='ltr'>parati</span> <span class='ocrx_word' id='word_1_155' title='bbox 462 1730 619 1760; x_wconf 80' lang='lat' dir='ltr'>omnes</span> <span class='ocrx_word' id='word_1_156' title='bbox 649 1716 797 1761; x_wconf 81' lang='lat' dir='ltr'>effent.</span> <span class='ocrx_word' id='word_1_157' title='bbox 839 1716 1067 1763; x_wconf 67' lang='lat' dir='ltr'>Professus</span> <span class='ocrx_word' id='word_1_158' title='bbox 1098 1720 1229 1766; x_wconf 58' lang='lat' dir='ltr'>nocte</span> <span class='ocrx_word' id='word_1_159' title='bbox 1261 1722 1391 1770; x_wconf 70' lang='lat' dir='ltr'>flexit</span> 
     </span>
     <span class='ocr_line' id='line_1_23' title="bbox 107 1783 1391 1849; baseline 0.009 -21"><span class='ocrx_word' id='word_1_160' title='bbox 107 1783 152 1829; x_wconf 86' lang='lat' dir='ltr'>in</span> <span class='ocrx_word' id='word_1_161' title='bbox 176 1784 402 1830; x_wconf 77' lang='lat' dir='ltr'>Picenum.</span> <span class='ocrx_word' id='word_1_162' title='bbox 424 1787 479 1831; x_wconf 77' lang='lat' dir='ltr'>Et</span> <span class='ocrx_word' id='word_1_163' title='bbox 499 1785 656 1832; x_wconf 87' lang='lat' dir='ltr'>consul</span> <span class='ocrx_word' id='word_1_164' title='bbox 672 1785 877 1848; x_wconf 81' lang='lat' dir='ltr'>quidem,</span> <span class='ocrx_word' id='word_1_165' title='bbox 895 1787 1071 1849; x_wconf 83' lang='lat' dir='ltr'>quantis</span> <span class='ocrx_word' id='word_1_166' title='bbox 1093 1791 1299 1838; x_wconf 73' lang='lat' dir='ltr'>maximis</span> <span class='ocrx_word' id='word_1_167' title='bbox 1320 1795 1391 1839; x_wconf 81' lang='lat' dir='ltr'>iti-</span> 
     </span>
     <span class='ocr_line' id='line_1_24' title="bbox 111 1857 1390 1928; baseline 0.009 -25"><span class='ocrx_word' id='word_1_168' title='bbox 111 1857 291 1904; x_wconf 82' lang='lat' dir='ltr'>neribus</span> <span class='ocrx_word' id='word_1_169' title='bbox 315 1871 521 1920; x_wconf 80' lang='lat' dir='ltr'>poterat,</span> <span class='ocrx_word' id='word_1_170' title='bbox 551 1859 605 1906; x_wconf 85' lang='lat' dir='ltr'>ad</span> <span class='ocrx_word' id='word_1_171' title='bbox 637 1860 858 1923; x_wconf 81' lang='lat' dir='ltr'>collegam</span> <span class='ocrx_word' id='word_1_172' title='bbox 884 1860 1097 1921; x_wconf 81' lang='lat' dir='ltr'>ducebat,</span> <span class='ocrx_word' id='word_1_173' title='bbox 1135 1864 1293 1912; x_wconf 66' lang='lat' dir='ltr'>relicto</span> <span class='ocrx_word' id='word_1_174' title='bbox 1327 1870 1390 1928; x_wconf 80' lang='lat' dir='ltr'>Q.</span> 
     </span>
     <span class='ocr_line' id='line_1_25' title="bbox 107 1931 964 1995; baseline 0.001 -17"><span class='ocrx_word' id='word_1_175' title='bbox 107 1933 240 1978; x_wconf 83' lang='lat' dir='ltr'>Catio</span> <span class='ocrx_word' id='word_1_176' title='bbox 272 1931 418 1993; x_wconf 73' lang='lat' dir='ltr'>legato</span> <span class='ocrx_word' id='word_1_177' title='bbox 436 1967 448 1988; x_wconf 90' lang='lat'><strong>‚</strong></span> <span class='ocrx_word' id='word_1_178' title='bbox 470 1931 547 1992; x_wconf 82' lang='lat' dir='ltr'>qui</span> <span class='ocrx_word' id='word_1_179' title='bbox 575 1932 723 1978; x_wconf 82' lang='lat' dir='ltr'>castris</span> <span class='ocrx_word' id='word_1_180' title='bbox 753 1933 964 1995; x_wconf 72' lang='lat' dir='ltr'>praeesset.</span> 
     </span>
    </p>

    <p class='ocr_par' dir='ltr' id='par_1_5' title="bbox 103 2004 1392 2509">
     <span class='ocr_line' id='line_1_26' title="bbox 170 2004 1392 2061; baseline 0.009 -12"><span class='ocrx_word' id='word_1_181' title='bbox 170 2005 330 2050; x_wconf 84' lang='lat' dir='ltr'>XLIV.</span> <span class='ocrx_word' id='word_1_182' title='bbox 360 2004 520 2049; x_wconf 81' lang='lat' dir='ltr'>Romae</span> <span class='ocrx_word' id='word_1_183' title='bbox 545 2004 664 2050; x_wconf 84' lang='lat' dir='ltr'>haud</span> <span class='ocrx_word' id='word_1_184' title='bbox 694 2004 840 2050; x_wconf 75' lang='lat' dir='ltr'>minus</span> <span class='ocrx_word' id='word_1_185' title='bbox 868 2006 1054 2053; x_wconf 83' lang='lat' dir='ltr'>terroris</span> <span class='ocrx_word' id='word_1_186' title='bbox 1084 2026 1134 2055; x_wconf 84' lang='lat' dir='ltr'>ac</span> <span class='ocrx_word' id='word_1_187' title='bbox 1168 2012 1392 2061; x_wconf 69' lang='lat' dir='ltr'>tumultus</span> 
     </span>
     <span class='ocr_line' id='line_1_27' title="bbox 104 2075 1388 2139; baseline 0.009 -18"><span class='ocrx_word' id='word_1_188' title='bbox 104 2089 197 2122; x_wconf 77' lang='lat' dir='ltr'>erat</span> <span class='ocrx_word' id='word_1_189' title='bbox 214 2112 227 2131; x_wconf 86' lang='lat'>‚</span> <span class='ocrx_word' id='word_1_190' title='bbox 248 2093 380 2139; x_wconf 82' lang='lat' dir='ltr'>quam</span> <span class='ocrx_word' id='word_1_191' title='bbox 407 2075 551 2122; x_wconf 84' lang='lat' dir='ltr'>fuerat</span> <span class='ocrx_word' id='word_1_192' title='bbox 568 2076 754 2122; x_wconf 86' lang='lat' dir='ltr'>biennio</span> <span class='ocrx_word' id='word_1_193' title='bbox 784 2091 910 2136; x_wconf 85' lang='lat' dir='ltr'>ante,</span> <span class='ocrx_word' id='word_1_194' title='bbox 932 2095 1032 2124; x_wconf 90' lang='lat' dir='ltr'>cum</span> <span class='ocrx_word' id='word_1_195' title='bbox 1062 2083 1198 2127; x_wconf 83' lang='lat' dir='ltr'>castra</span> <span class='ocrx_word' id='word_1_196' title='bbox 1219 2084 1388 2133; x_wconf 81' lang='lat' dir='ltr'>Punica</span> 
     </span>
     <span class='ocr_line' id='line_1_28' title="bbox 106 2148 1388 2215; baseline 0.009 -21"><span class='ocrx_word' id='word_1_197' title='bbox 106 2148 278 2209; x_wconf 68' lang='lat' dir='ltr'>objeCra</span> <span class='ocrx_word' id='word_1_198' title='bbox 311 2150 529 2196; x_wconf 84' lang='lat' dir='ltr'>Romanis</span> <span class='ocrx_word' id='word_1_199' title='bbox 561 2150 788 2197; x_wconf 83' lang='lat' dir='ltr'>moenibus</span> <span class='ocrx_word' id='word_1_200' title='bbox 818 2151 1047 2215; x_wconf 82' lang='lat' dir='ltr'>portisque</span> <span class='ocrx_word' id='word_1_201' title='bbox 1082 2154 1269 2203; x_wconf 62' lang='lat' dir='ltr'>fiie‘rant.</span> <span class='ocrx_word' id='word_1_202' title='bbox 1305 2176 1388 2205; x_wconf 86' lang='lat' dir='ltr'>ne·-</span> 
     </span>
     <span class='ocr_line' id='line_1_29' title="bbox 105 2222 1388 2287; baseline 0.009 -19"><span class='ocrx_word' id='word_1_203' title='bbox 105 2238 193 2285; x_wconf 85' lang='lat' dir='ltr'>que</span> <span class='ocrx_word' id='word_1_204' title='bbox 218 2222 315 2268; x_wconf 85' lang='lat' dir='ltr'>satis</span> <span class='ocrx_word' id='word_1_205' title='bbox 341 2222 571 2269; x_wconf 82' lang='lat' dir='ltr'>constabat</span> <span class='ocrx_word' id='word_1_206' title='bbox 593 2223 780 2282; x_wconf 82' lang='lat' dir='ltr'>animis,</span> <span class='ocrx_word' id='word_1_207' title='bbox 803 2236 891 2270; x_wconf 88' lang='lat' dir='ltr'>tam</span> <span class='ocrx_word' id='word_1_208' title='bbox 918 2226 1062 2287; x_wconf 79' lang='lat' dir='ltr'>audax</span> <span class='ocrx_word' id='word_1_209' title='bbox 1088 2228 1172 2274; x_wconf 88' lang='lat' dir='ltr'>iter</span> <span class='ocrx_word' id='word_1_210' title='bbox 1192 2231 1388 2279; x_wconf 78' lang='lat' dir='ltr'>consulis</span> 
     </span>
     <span class='ocr_line' id='line_1_30' title="bbox 103 2295 1391 2363; baseline 0.009 -23"><span class='ocrx_word' id='word_1_211' title='bbox 103 2295 337 2342; x_wconf 86' lang='lat' dir='ltr'>laudarent</span> <span class='ocrx_word' id='word_1_212' title='bbox 359 2295 737 2358; x_wconf 83' lang='lat' dir='ltr'>vituperarentne.</span> <span class='ocrx_word' id='word_1_213' title='bbox 756 2298 1013 2359; x_wconf 86' lang='lat' dir='ltr'>Apparebat</span> <span class='ocrx_word' id='word_1_214' title='bbox 1034 2298 1154 2363; x_wconf 88' lang='lat' dir='ltr'>(quo</span> <span class='ocrx_word' id='word_1_215' title='bbox 1173 2302 1284 2349; x_wconf 90' lang='lat' dir='ltr'>nihil</span> <span class='ocrx_word' id='word_1_216' title='bbox 1303 2304 1391 2351; x_wconf 86' lang='lat' dir='ltr'>ini-</span> 
     </span>
     <span class='ocr_line' id='line_1_31' title="bbox 103 2368 1389 2439; baseline 0.006 -28"><span class='ocrx_word' id='word_1_217' title='bbox 103 2368 236 2430; x_wconf 89' lang='lat' dir='ltr'>quius</span> <span class='ocrx_word' id='word_1_218' title='bbox 256 2368 344 2432; x_wconf 88' lang='lat' dir='ltr'>est)</span> <span class='ocrx_word' id='word_1_219' title='bbox 368 2386 423 2416; x_wconf 80' lang='lat' dir='ltr'>ex</span> <span class='ocrx_word' id='word_1_220' title='bbox 442 2382 610 2417; x_wconf 89' lang='lat' dir='ltr'>eventu</span> <span class='ocrx_word' id='word_1_221' title='bbox 629 2370 791 2417; x_wconf 84' lang='lat' dir='ltr'>famam</span> <span class='ocrx_word' id='word_1_222' title='bbox 813 2371 1082 2420; x_wconf 87' lang='lat' dir='ltr'>habiturum.</span> <span class='ocrx_word' id='word_1_223' title='bbox 1112 2377 1250 2435; x_wconf 69' lang='lat' dir='ltr'>Castra</span> <span class='ocrx_word' id='word_1_224' title='bbox 1260 2397 1389 2439; x_wconf 37' lang='lat' dir='ltr'>prope</span> 
     </span>
     <span class='ocr_line' id='line_1_32' title="bbox 103 2442 1388 2509; baseline 0.007 -22"><span class='ocrx_word' id='word_1_225' title='bbox 103 2442 394 2489; x_wconf 76' lang='lat' dir='ltr'>Hannibalem</span> <span class='ocrx_word' id='word_1_226' title='bbox 424 2445 567 2509; x_wconf 75' lang='lat' dir='ltr'>lzcfiem</span> <span class='ocrx_word' id='word_1_227' title='bbox 591 2444 828 2509; x_wconf 69' lang='lat' dir='ltr'>relic‘Yastne</span> <span class='ocrx_word' id='word_1_228' title='bbox 851 2449 950 2492; x_wconf 81' lang='lat' dir='ltr'>duce</span> <span class='ocrx_word' id='word_1_229' title='bbox 979 2465 1069 2493; x_wconf 84' lang='lat' dir='ltr'>cum</span> <span class='ocrx_word' id='word_1_230' title='bbox 1089 2452 1266 2494; x_wconf 74' lang='lat' dir='ltr'>exercitu</span> <span class='ocrx_word' id='word_1_231' title='bbox 1280 2486 1295 2508; x_wconf 81' lang='lat'>‚</span> <span class='ocrx_word' id='word_1_232' title='bbox 1321 2454 1388 2496; x_wconf 59' lang='lat' dir='ltr'>cm*</span> 
     </span>
    </p>
   </div>
  </div>
 </body>
</html>
