1628 2890
180 139 268 185 263
539 138 1090 184 TITILIVII

178 247 343 310 Tycha
365 248 413 293 δέ
438 245 631 308 Neapoli
653 261 756 292 cum
782 243 935 291 infulis
957 246 1007 292 &
1036 243 1299 292 velamentis
1318 253 1458 292 vene²

177 331 308 377 runt,
338 330 594 381 precantes,
613 329 664 364 ut
686 335 710 364 a
735 317 929 364 caedibus
958 318 1008 364 &
1029 318 1083 363 ab
1110 317 1327 364 incendiis
1351 334 1456 379 par-

120 418 123 420 ·
178 403 369 439 ceretur.
392 392 466 437 De
484 407 678 454 quorum
698 390 929 452 precibus,
946 405 1077 452 quam
1094 389 1322 451 postulatis
1339 407 1458 446 ,ma-

177 466 244 528 gis
274 464 465 512 consilio
490 463 668 521 habito,
690 462 927 509 Marc-ellus
957 478 1014 508 ex
1044 461 1246 508 omnium
1276 462 1456 508 senten-

178 538 241 583 tia
276 537 418 584 edixit
447 535 686 592 militibus,
707 555 756 581 ne
785 538 875 595 quis
906 537 1073 580 liberum
1097 553 1239 595 corpus
1267 538 1456 582 violaret.

179 627 303 657 cetera
322 614 471 672 praedae
491 610 658 668 futura.
704 607 930 671 castraque
961 607 1085 653 tectis
1117 607 1336 669 parietum
1369 623 1458 669 pro

180 700 314 730 muro
349 683 483 746 septa.
519 682 661 745 portis
701 680 886 743 regione
920 680 1164 742 platearum
1205 680 1458 742 patentibus

180 754 391 802 stationes
411 753 696 818 praefidiaque
723 752 963 815 disposuit,
990 770 1045 799 ne
1065 752 1166 815 quis
1193 752 1240 798 in
1266 750 1460 798 discursu

182 827 376 875 militum
406 827 597 890 impetus
631 826 677 871 in
709 824 843 871 castra
872 822 965 869 fieri
994 824 1149 885 poffet.
1177 823 1308 880 Inde,
1332 823 1463 887 signo

182 901 289 947 dato
300 937 311 957 ‚
327 900 490 947 milites
506 899 829 946 discurrerunt:
844 894 1127 957 refractisque
1144 894 1316 941 foribus
1327 929 1340 951 ,
1356 911 1461 940 cum

184 973 338 1020 omnia
374 985 545 1019 terrore
582 989 634 1019 ac
670 969 866 1017 tumultu
902 969 1170 1031 streperent,
1205 986 1229 1014 a
1265 968 1464 1015 caedibus

185 1058 334 1092 tamen
356 1056 648 1106 temperatum
674 1042 748 1089 est.
790 1041 954 1104 rapinis
981 1040 1131 1086 nullus
1163 1051 1266 1086 ante
1297 1041 1464 1087 modus

183 1116 269 1162 fuit
282 1153 295 1173 ,
315 1133 448 1179 quam
473 1114 626 1161 omnia
643 1113 851 1159 diuturna
870 1111 1080 1160 felicitate
1101 1112 1323 1157 cumulata
1342 1112 1465 1158 bona

185 1188 386 1251 egeffere.
412 1190 530 1233 Inter
557 1186 655 1232 haec
684 1186 734 1232 &
756 1185 1041 1230 Philodemus
1057 1218 1071 1240 .,
1098 1201 1198 1229 cum
1218 1183 1312 1246 spes
1331 1185 1465 1231 auxi-

184 1260 234 1306 lii
263 1260 383 1306 nulla
403 1259 506 1306 effet
518 1294 534 1315 ,
553 1256 637 1303 fide
657 1270 861 1320 accepta,
882 1269 931 1301 ut
954 1255 1204 1302 inviolatus
1223 1256 1276 1302 ad
1295 1257 1468 1321 Epicy-

186 1332 274 1378 den
304 1331 495 1387 rediret,
531 1330 724 1376 dedu&o
757 1328 994 1392 praefidio,
1029 1328 1209 1375 tradidit
1242 1329 1466 1377 tumulum

188 1406 420 1453 Romanis.
456 1403 637 1450 Averfis
666 1403 878 1450 omnibus
905 1403 961 1449 ad
986 1402 1226 1449 tumultum
1261 1420 1317 1449 ex
1343 1416 1469 1466 parte

136 1544 137 1547 Ἰ
188 1490 330 1541 captae
360 1477 509 1534 urbis,
538 1476 795 1532 Bomilcar,
822 1476 1001 1521 noctem
1035 1492 1130 1522 eam
1167 1476 1345 1534 nactus,
1380 1493 1470 1539 qua

187 1564 376 1614 propter
407 1551 504 1598 vim
532 1548 802 1612 tempestatis
836 1548 946 1594 stare
976 1549 1030 1594 ad
1060 1564 1272 1594 ancoram
1297 1547 1344 1593 in
1375 1548 1470 1596 salo

189 1627 396 1671 Romana
427 1623 566 1671 claffis
598 1640 693 1669 non
722 1622 889 1684 poffet,
919 1638 1021 1668 cum
1053 1620 1236 1683 triginta
1266 1621 1468 1685 quinque

188 1698 384 1745 navibus
400 1715 455 1744 ex
472 1710 606 1761 portu
623 1695 902 1760 Syracusano
922 1693 1145 1757 profectus
1164 1729 1178 1751 ‚
1197 1693 1338 1740 libero
1356 1693 1470 1741 mari

190 1771 292 1817 vela
320 1771 365 1816 in
395 1771 531 1817 altum
560 1769 709 1826 dedit,
727 1767 926 1831 quinque
959 1768 1008 1814 &
1039 1765 1366 1828 quinquaginta·
1385 1781 1469 1810 na·-

191 1844 329 1892 vibus
359 1843 576 1906 Epicydae
606 1833 971 1905 &Syracusanis
1000 1838 1189 1886 relictis:
1216 1837 1470 1901 edoctisque

192 1916 661 1980 Carthaginienfibus,
680 1914 728 1959 in
745 1925 917 1976 quanto
940 1929 1007 1959 res
1028 1911 1302 1976 Syracusana
1320 1911 1471 1958 discri-

193 1992 315 2037 mine
339 1989 465 2045 effet,
489 2006 590 2036 cum
622 1999 801 2035 centum
835 1986 1027 2033 navibus
1056 1985 1156 2048 post
1182 2002 1349 2047 paucos
1379 1984 1471 2030 dies

194 2064 332 2121 redit,
360 2062 509 2109 multis
531 2061 617 2126 (ut
648 2061 764 2108 fama
789 2060 879 2125 est)
901 2060 1032 2108 donis
1061 2076 1116 2105 ex
1140 2058 1350 2105 Hieronis
1370 2074 1473 2122 gaza

193 2144 250 2190 ab
280 2141 485 2205 Epicyde
514 2141 720 2187 donatus·

262 2216 436 2261 XXVI.
468 2213 733 2271 Marcellus,
753 2210 955 2275 Euryalo
974 2221 1158 2272 recepto
1179 2208 1474 2269 praesidioque

196 2286 380 2343 addito,
410 2302 501 2331 una
535 2302 640 2332 cura
665 2296 757 2330 erat
790 2281 930 2340 liber,
957 2298 1014 2327 ne
1043 2298 1133 2343 qua
1161 2280 1216 2326 ab
1243 2292 1370 2342 tergo
1400 2279 1475 2325 vis

197 2359 394 2408 hostium
430 2357 475 2403 in
513 2373 662 2402 arcem
699 2367 878 2418 accepta
921 2353 1118 2400 inclusos
1150 2351 1476 2415 impeditosque

200 2431 430 2480 moenibus
466 2428 569 2478 suos
598 2429 808 2477 turbaret.
842 2426 1141 2476 Achradinam
1176 2425 1315 2483 inde,
1347 2423 1476 2470 trinis
