1628 2890
188 198 190 200 ,
243 139 774 194 H1sToR1ARUM
822 141 948 188 ΜΒ.
992 139 1191 185 ΧΧνῐ.
1268 148 1363 198 331·

85 246 237 295 niores
263 246 510 309 suffragium
538 244 706 292 ineunt.
731 245 1044 292 M.Claudium
1074 243 1363 301 Marcellum,

85 321 328 383 fulgentem
357 330 452 366 tum
470 318 618 365 Sicilia
645 319 817 365 domita
834 355 847 376 ‚
875 321 925 366 δε
946 321 1007 365 M.
1026 318 1255 365 Valerium
1284 317 1365 362 a‘b-

87 392 231 439 sentes
278 391 483 438 consules
525 391 750 438 dixerunt.
790 391 1101 437 auctoritatem
1138 405 1366 453 praeroga-

41 459 46 464 ⁷
86 467 197 512 tivae
231 481 390 512 omnes
427 466 638 513 centuriae
673 465 831 512 secutae
858 465 970 512 sunt.
1014 465 1209 511 Eludant
1243 479 1366 509 nunc

87 540 270 602 antiqua
296 540 518 587 mirantes.
554 556 646 585 non
677 537 883 600 equidem
903 574 915 596 ‚
945 538 976 583 s1
1005 555 1090 601 qua
1117 537 1170 583 fit
1190 537 1368 599 sapien-

87 612 202 658 tium
235 613 394 660 civitas
413 649 428 671 ,
448 628 581 676 quam
602 611 722 657 docti
747 609 922 673 fingunt
941 610 1103 673 magis,
1124 626 1256 672 quam
1279 624 1368 653 no-

89 697 217 743 runt,
246 698 323 732 aut
349 686 571 749 principes
603 684 834 748 graviores
859 681 1315 746 temperantioresque
1341 697 1369 726 a

89 757 301 819 cupidine
331 758 535 820 imperii,
572 769 647 803 aut
677 755 1008 801 multitudinem
1033 755 1190 801 melius
1215 769 1368 799 mora-

89 844 181 877 tam
211 831 410 878 censeam
431 830 524 877 fieri
553 831 688 894 poffe.
717 829 978 876 Centuriam
1005 844 1117 875 vero
1138 827 1370 888 juniorum

91 904 289 952 seniores
320 906 552 953 consulere
572 904 791 961 voluisse,
821 904 981 967 quibus
1010 901 1249 964 imperium
1277 898 1370 944 suf-

90 975 236 1039 fragio
272 979 529 1035 mandaret,
563 977 644 1026 vix
673 991 723 1024 ut
754 977 994 1023 verifimile
1029 975 1105 1030 fit,
1136 984 1370 1037 parentum

91 1066 276 1114 quoque
303 1051 393 1099 hoc
425 1052 577 1099 seculo
604 1051 707 1100 vilis
729 1050 928 1114 levisque
954 1049 1072 1113 apud
1100 1048 1266 1094 liberos
1290 1062 1371 1091 au-

92 1122 271 1169 {toritas
297 1124 414 1171 fecit.

158 1197 323 1243 XXIII.
361 1195 578 1243 Praetoria
609 1195 712 1241 inde
745 1193 926 1242 comitia
960 1191 1123 1240 habita.
1160 1193 1207 1238 P.
1237 1192 1374 1237 Man-

93 1269 181 1317 lius
201 1269 372 1328 Vulso,
409 1272 456 1318 δε
484 1271 531 1316 L.
563 1269 756 1315 Manlius
783 1268 999 1314 Acidinus
1019 1304 1032 1326 ‚
1067 1269 1115 1314 &
1146 1267 1201 1312 C.
1222 1268 1374 1311 Laeto-

93 1342 209 1399 rius,
229 1344 278 1389 &
299 1344 347 1388 L.
368 1335 557 1388 Cincius
579 1341 829 1387 Alimentus
850 1339 986 1386 creati
1010 1338 1123 1385 sunt.
1151 1341 1283 1384 Forte
1313 1337 1375 1382 ita

94 1415 286 1473 incidit,
310 1428 360 1462 ut
385 1415 579 1462 comitiis
610 1412 813 1475 perfectis
842 1412 1147 1469 nuntiaretur,
1176 1411 1234 1457 T.
1262 1412 1376 1455 Ota-

95 1489 252 1536 cilium
270 1524 283 1546 ,
318 1505 455 1553 quem
481 1490 537 1535 T.
562 1485 738 1533 Manlio
757 1522 770 1543 ‚
807 1485 888 1532 nifi
917 1484 1220 1547 interpellatus
1255 1483 1375 1528 ordo

96 1562 393 1622 comitiorum
416 1561 544 1619 esset,
570 1560 787 1624 collegam
808 1559 1028 1606 absentem
1050 1559 1227 1606 daturus
1250 1556 1374 1602 fuitl'e

97 1636 338 1682 videbatur
372 1634 596 1699 populus,
626 1645 856 1679 mortuum
889 1632 935 1678 in
955 1631 1102 1678 Sicilia
1126 1632 1222 1678 effe.
1260 1630 1376 1677 Ludi

97 1710 381 1772 Apollinares
411 1712 462 1757 &
486 1709 637 1770 priore
672 1724 793 1754 anno
824 1706 1020 1760 fuerant,
1055 1707 1132 1764 &,
1166 1722 1222 1751 eo
1251 1722 1375 1752 anno

97 1794 149 1829 ut
177 1781 365 1840 fierent,
405 1780 623 1827 referente
657 1779 910 1842 Calpurnio
946 1791 1168 1841 praetore,
1198 1778 1376 1824 senatus

98 1856 328 1913 decrevit,
359 1866 408 1901 ut
436 1854 482 1899 in
503 1864 765 1915 perpetuum
789 1868 1080 1899 voverentur.
1107 1851 1278 1897 Eodem
1298 1867 1377 1896 an-

101 1946 164 1975 no
185 1927 391 1992 prodigia
418 1926 591 1988 aliquot
621 1924 712 1972 visa
741 1924 1034 1988 nuntiataque
1060 1923 1172 1970 sunt.
1210 1926 1258 1969 In
1283 1922 1377 1968 aede

98 2001 376 2049 Concordiae
393 1998 620 2057 Victoria,
653 2015 752 2061 quae
778 1997 824 2042 in
855 1997 1052 2044 culmine
1071 2010 1193 2053 erat,
1224 1995 1379 2041 fulmi-

101 2091 158 2120 ne
181 2074 266 2120 ἰᾶει
294 2071 583 2134 decussaque,
618 2070 674 2116 ad
692 2068 912 2116 Victorias
929 2104 942 2125 ‚
978 2086 1078 2131 quae
1099 2068 1144 2113 in
1173 2064 1379 2114 antefixis

100 2159 229 2195 erant
247 2183 261 2204 ,
292 2145 441 2203 haefit‚
469 2160 614 2207 neque
646 2143 750 2189 inde
784 2141 993 2205 procidit.
1027 2143 1081 2187 Et
1103 2139 1304 2201 Anagnia
1329 2141 1379 2186 ὅ(

102 2219 308 2284 Fregellis
332 2216 586 2265 nuntiatum
607 2215 667 2262 est
682 2252 697 2275 ‚
722 2231 899 2261 murum
918 2211 1156 2276 portasque
1179 2211 1232 2257 de
1253 2209 1379 2258 coelo

101 2294 265 2341 tactas:
299 2293 349 2340 &
381 2291 428 2338 in
465 2290 570 2337 foro
600 2288 847 2336 Sudertano
879 2285 1102 2350 sanguinis
1136 2284 1263 2332 rivos
1299 2298 1379 2344 per

103 2365 223 2410 diem
252 2376 399 2410 totum
428 2362 601 2409 ssuxiss‘e
619 2398 632 2420 ‚
661 2363 710 2409 &
740 2361 859 2407 Ereti
881 2359 1099 2422 lapidibus
1127 2356 1309 2420 pluiffe,
1329 2356 1380 2402 δι

105 2439 245 2483 Reate
272 2436 436 2483 mulam
469 2434 697 2498 peperiss‘e.
731 2436 793 2482 Ea
817 2431 1025 2496 prodigia
1050 2429 1206 2477 hostiis
1232 2425 1380 2489 majo-
