1628 2890
191 137 277 168 122
534 114 1088 163 T1T1L1V11

184 237 331 273 tamen
361 222 588 271 obversati
611 220 759 268 castris
785 230 1018 283 poterant,
1047 233 1194 281 neque
1224 213 1465 262 castrorum

185 295 469 359 oppugnatio
491 293 633 340 facilis
662 303 776 347 erat3
798 292 952 338 urbem
975 289 1161 337 Ascuam
1179 325 1192 347 ,
1214 304 1306 352 quo
1321 323 1334 346 ‚
1353 286 1466 334 fines

183 369 379 416 hostium
419 366 698 431 ingrediens,
739 363 987 410 Hasdrubal
1022 362 1296 408 frumentum
1340 377 1467 407 com-

186 440 442 504 meatusque
469 440 582 487 alios
609 450 914 493 convexerat,
943 436 993 483 vi
1021 435 1227 498 capiunt,
1248 432 1466 495 omnique

186 515 303 561 circa
328 529 435 576 agro
460 512 711 576 potiuntur.
745 528 827 558 nec
850 509 936 572 jam
954 544 966 567 ‚
991 519 1068 555 aut
1089 507 1137 552 in
1163 506 1335 569 agmine
1352 540 1367 562 ‚
1391 514 1468 549 aut

184 585 231 631 in
259 584 439 642 castris,
469 583 568 631 ullo
597 580 1059 646 irnperio-contineri.
1094 580 1244 639 Quam
1257 577 1353 627 Xubi
1385 591 1468 621 ne-

184 658 439 721 gligentiam
470 674 525 704 ex
556 674 603 704 re
634 656 716 720 (ut
742 656 816 720 fit)
849 657 963 701 bene
997 651 1110 715 gesta
1146 650 1258 697 oriri
1283 648 1471 696 senserat

187 729 458 788 Hasdrubal,
476 729 740 777 cohortatus
759 726 921 774 milites
935 762 948 784 ‚
966 736 1015 770 ut
1035 722 1205 786 palatos
1228 720 1318 767 fine
1338 719 1471 782 signis

186 803 339 850 hostes
372 803 747 866 aggrederentur,
781 798 999 864 degressus
1039 795 1186 851 colle,
1225 793 1370 856 pergit
1405 791 1470 838 ire

187 874 282 920 acie
312 872 515 920 instruila
545 872 599 918 ad
620 870 773 918 castra.
805 885 941 932 quem
960 880 1010 914 ut
1032 865 1170 913 adesse
1195 861 1471 926 tumultuose

189 947 461 994 nuntiavere
480 945 700 1009 fugientes
730 960 787 990 ex
817 940 1004 1005 speculis
1024 935 1395 1000 stationibusque,
1415 933 1472 981 ad

188 1035 311 1065 arma
340 1018 667 1066 conclamatum
700 1016 774 1064 est.
812 1018 876 1063 Ut
894 1012 1078 1077 quisque
1115 1028 1236 1057 arma
1264 1019 1474 1072 ceperat,

191 1092 283 1139 fine
315 1091 538 1155 imperio,
566 1091 657 1137 fine
691 1090 849 1154 figno,
882 1084 1198 1146 incompositi,
1228 1080 1474 1129 inordinati

188 1163 237 1210 in
257 1164 473 1227 proelium
491 1174 646 1209 ruunt.
674 1163 765 1208 Jam
788 1158 923 1223 primi
954 1155 1270 1204 conseruerant
1286 1169 1443 1201 manus
1458 1187 1475 1211 ,

191 1253 296 1283 cum
315 1237 389 1284 alii
411 1235 669 1284 catervatim
691 1242 947 1289 currerent,
967 1230 1041 1276 alii
1061 1230 1263 1276 nondum
1281 1245 1304 1275 e
1327 1226 1478 1287 castris

193 1310 394 1358 exissent.
437 1321 588 1356 tamen
623 1307 770 1371 primo
804 1304 897 1369 ipsa
931 1303 1115 1351 audacia
1148 1315 1348 1349 terruere
1392 1302 1479 1347 ho-

192 1383 315 1430 stem.
354 1381 540 1440 deinde,
560 1382 646 1429 rari
671 1381 719 1427 in
744 1379 976 1428 confertos
996 1376 1130 1435 illati,
1156 1393 1258 1424 cum
1278 1375 1479 1439 paucitas
1538 1434 1548 1439 ..

193 1472 353 1518 parum
383 1469 478 1503 tuta
510 1456 644 1513 effet,
672 1453 888 1517 respicere
915 1451 990 1497 alii
1021 1451 1133 1498 alios
1153 1486 1166 1507 ,
1196 1451 1246 1496 &
1278 1448 1479 1510 undique

193 1527 306 1590 pulfi
327 1527 451 1575 coire
471 1528 518 1575 in
538 1527 722 1582 orbem3
751 1527 801 1573 &
829 1525 935 1571 dum
956 1522 1225 1586 corporibus
1246 1519 1480 1583 applican-

194 1611 294 1659 tur,
313 1617 525 1665 armaque
556 1599 688 1647 armis
718 1597 907 1661 jungunt
922 1633 936 1655 ,
959 1596 1007 1643 in
1037 1595 1203 1641 affilum
1226 1590 1445 1654 compulfi
1463 1624 1480 1646 ‚

197 1687 300 1717 cum
324 1672 403 1719 vix
431 1671 674 1718 movendis
705 1669 839 1724 armis
866 1667 967 1715 satis
998 1666 1126 1730 spatii
1146 1665 1273 1724 esset,
1306 1679 1482 1711 corona

195 1745 397 1792 hostium
424 1745 584 1804 cinffi,
609 1745 664 1790 ad
692 1743 883 1790 multum
913 1740 1000 1788 diei
1026 1739 1276 1787 caeduntur.
1310 1737 1483 1800 Exigua

199 1836 301 1882 pars
318 1855 332 1877 ,
353 1820 590 1883 eruptione
610 1819 720 1865 facia
737 1853 750 1876 ,
776 1817 908 1865 filvas
927 1832 978 1863 ac
998 1826 1176 1861 montes
1203 1811 1315 1876 petit
1334 1828 1344 1856 z
1365 1810 1483 1874 pari-

199 1908 288 1956 que
305 1904 478 1939 terrore
498 1895 546 1940 δέ
579 1891 719 1940 castra
736 1891 836 1937 sunt
866 1888 1056 1945 deserta,
1076 1888 1126 1934 &
1144 1885 1353 1933 universa
1376 1899 1484 1948 gens

201 1965 385 2028 postero
416 1966 486 2013 die
504 1966 550 2012 in
576 1965 853 2012 deditionem
878 1961 1018 2009 venit.
1041 1962 1138 2008 Nec
1168 1959 1243 2006 diu
1260 1959 1307 2006 in
1327 1957 1485 2021 pacato

180 2082 183 2085 .
201 2041 374 2088 mansit.
405 2057 506 2087 nam
528 2039 711 2086 subinde
732 2039 787 2086 ab
808 2036 1081 2100 Carthagine
1100 2034 1284 2081 allatum
1311 2033 1374 2080 est
1388 2068 1409 2091 2
1434 2043 1485 2078 ut

164 2141 170 2144 -
204 2113 453 2161 Hasdrubal
480 2112 630 2176 primo
660 2129 846 2177 quoque
871 2125 1075 2173 ternpore
1097 2107 1144 2154 in
1164 2107 1333 2154 ltaliam
1354 2122 1487 2153 exer-

205 2185 346 2232 citum
388 2187 585 2234 duceret.
637 2203 736 2250 quae
776 2185 954 2248 vulgata
1002 2198 1070 2228 res
1111 2197 1190 2244 per
1228 2178 1488 2242 Hispaniam

204 2257 410 2303 omnium
429 2257 568 2304 ferme
588 2257 762 2304 animos
792 2255 846 2301 ad
869 2255 1102 2301 Romanos
1119 2250 1297 2299 avertit.
1332 2253 1490 2312 Itaque

207 2329 454 2377 Hasdrubal
472 2330 701 2392 extemplo
722 2329 869 2375 literas
895 2326 1212 2389 Carthaginem
1232 2322 1369 2369 mittit
1385 2357 1399 2380 ‚
1417 2322 1491 2368 in-

208 2401 389 2462 dicans,
407 2413 578 2467 quanto
597 2400 712 2450 fama
729 2397 1024 2465 profeffionis
1043 2396 1128 2445 suae
1147 2397 1311 2445 damno
1329 2393 1490 2443 fuiss'et.

1549 2429 1553 2434 ,
1616 2251 1623 2480 3

1616 2481 1623 2757 ξ
