1628 2890
226 141 779 189 HISTORIARUM
822 142 946 187 LIB.
988 140 1212 187 XXVII.
1278 156 1372 206 429

98 245 319 308 peditibus
335 281 348 305 ,
366 247 536 310 palatos
565 247 716 310 paffim
743 265 821 310 per
840 264 970 311 agros
993 247 1236 311 gravesque
1259 265 1375 311 prae-

99 319 155 362 da
184 318 263 381 (ut
293 319 371 381 qui
404 318 521 366 nihil
554 320 640 366 tale
674 319 955 384 metuerent)
983 321 1166 367 adortus
1200 321 1373 366 Roma·-

100 404 185 434 nos
198 425 213 445 ,
233 391 454 452 compulit
472 392 518 438 in
535 407 687 438 naves.
715 391 870 438 Claffis
891 393 1096 438 Romana
1112 427 1126 450 ‚
1145 392 1374 455 haudqua-

97 474 233 520 quam
258 461 358 508 laeta
375 463 839 526 praeda,Naupa8tum
861 463 1004 510 rediit.
1028 463 1239 526 Philippo
1258 481 1374 527 quo-

98 547 186 594 que
207 533 413 581 ludorum
427 571 439 593 ,
455 537 536 599 qui
554 536 714 599 reliqui
742 548 894 594 erant,
913 536 1214 583 celebritatem
1234 552 1376 598 quan-

98 615 337 669 taecunque
350 643 366 665 ,
398 608 452 654 de
471 608 688 656 Romanis
709 620 883 666 tamen,
908 608 1112 656 victoria:
1143 621 1280 670 partae
1305 608 1373 655 fa-

97 695 168 724 ma
187 692 388 737 auxerat3
419 681 658 744 laetitiaque
684 680 854 745 ingenti
880 681 1088 728 celebrati
1123 680 1219 728 festi
1253 681 1372 729 dies:

97 768 154 797 eo
183 754 319 815 magis
346 753 504 811 etiam,
533 754 685 817 quod,
720 753 999 817 populariter
1031 754 1182 801 demto
1216 754 1374 818 capitis

97 824 253 888 insigni
269 861 282 881 9
298 844 583 890 purpuraque
597 863 613 886 ‚
630 839 762 889 atque
782 827 873 874 alio
893 828 1019 891 regio
1041 828 1191 874 habitu
1202 863 1217 886 ‚
1231 838 1374 892 aequa÷

96 910 228 943 verat
256 900 412 946 ceteris
447 898 488 945 se
520 900 568 946 in
596 898 811 961 speciem:
847 916 939 963 quo
967 899 1079 945 nihil
1115 899 1281 962 gratius
1314 901 1374 947 est

96 969 355 1018 civitatibus
387 971 548 1018 liberis.
583 971 926 1034 Praebuiffetque
953 971 1071 1017 haud
1105 971 1285 1017 dubiam
1317 990 1373 1020 eo

97 1040 214 1087 saffo
244 1043 362 1104 spem
389 1043 630 1101 libertatis,
660 1042 742 1089 nifi
773 1043 927 1090 omnia
960 1042 1240 1089 intoleranda
1267 1043 1372 1090 libi-

96 1113 201 1159 dine
229 1113 351 1164 foeda
384 1132 436 1162 ac
469 1114 687 1161 deformia
717 1114 938 1162 effeciffet.
976 1114 1218 1177 vagabatur
1253 1116 1373 1161 enim

95 1203 198 1232 cum
217 1202 311 1232 uno
332 1199 407 1233 aut
434 1187 576 1234 altero
603 1186 769 1233 comite
790 1203 868 1249 per
888 1185 1066 1233 maritas
1096 1187 1259 1235 domos
1279 1189 1372 1234 dies

94 1259 361 1322 noclcsque:
395 1262 470 1317 &‚
497 1260 798 1307 submittendo
817 1259 862 1305 in
885 1262 1106 1321 privatum
1126 1259 1373 1323 fastigium,

93 1349 188 1395 quo
217 1333 363 1380 minus
394 1334 684 1397 conspectus,
717 1350 773 1380 eo
804 1333 994 1380 solutior
1016 1345 1134 1379 erat:
1167 1334 1217 1380 δε
1237 1333 1374 1379 liber-

94 1417 227 1451 tatem
252 1423 354 1452 cum
384 1407 478 1453 aliis
502 1424 664 1453 vanam
697 1405 977 1462 ostendisset,
1006 1416 1149 1451 totam
1177 1404 1224 1450 in
1251 1403 1373 1451 suam

93 1478 320 1526 licentiam
343 1492 552 1527 verterat.
586 1481 746 1543 Neque
776 1478 894 1525 enim
918 1478 1073 1525 omnia
1100 1478 1273 1524 emebat
1299 1493 1375 1525 aut

93 1552 456 1611 eblandiebatur‚
492 1552 566 1599 sed
600 1552 696 1601 vim
724 1552 856 1599 etiam
887 1550 1064 1614 flagitiis
1101 1550 1371 1597 adhibebat:

88 1625 484 1688 periculosumque
512 1628 561 1673 Sc
580 1625 689 1672 viris
713 1627 763 1672 &
781 1624 1037 1688 parentibus
1054 1635 1169 1680 erat,
1196 1640 1372 1670 moram

91 1699 385 1746 incommoda
424 1698 659 1745 severitate
696 1697 871 1744 libidini
915 1697 1048 1761 regia:
1090 1697 1250 1744 fecisse.
1290 1697 1371 1743 uni

91 1771 224 1816 etiam
254 1771 448 1833 principi
469 1770 737 1816 Achaeorum
768 1770 907 1816 Arato
939 1769 1112 1815 ademta
1135 1785 1253 1815 uxor
1283 1785 1372 1814 no·-

90 1843 212 1890 mine
231 1843 514 1907 Polycratia,
532 1859 581 1889 ac
602 1840 673 1904 spe
695 1841 908 1904 regiarum
928 1840 1185 1903 nuptiarum
1206 1840 1250 1886 in
1272 1842 1372 1885 Ma-

91 1916 330 1963 cedoniam
372 1916 594 1979 asportata
633 1914 788 1961 fuerat.
828 1915 911 1960 Per
948 1914 1043 1961 haec
1079 1912 1240 1977 flagitia
1278 1912 1371 1958 sol-

87 1988 226 2036 lemni
259 1990 536 2035 Nemeorum
570 1988 777 2050 ρετῑιὲὶο,
809 1985 1050 2050 paucisque
1083 1985 1242 2031 additis
1273 1984 1370 2031 die-

89 2061 201 2118 bus,
235 2062 412 2125 Dymas
443 2061 504 2107 est
535 2058 761 2124 profectus
781 2094 795 2117 ‚
825 2059 880 2105 ad
910 2057 1160 2121 praefidium
1186 2057 1369 2104 AEtolo-

89 2150 222 2191 rum,
254 2133 379 2196 quod
405 2133 460 2179 ab
483 2132 598 2179 Eleis
626 2131 819 2179 accitum
850 2143 1176 2193 acceptumque
1213 2130 1260 2175 in
1292 2147 1370 2175 ur-

88 2207 192 2255 bem
210 2219 328 2266 eret,
349 2207 629 2269 ejiciendum.
661 2206 905 2269 Cycliadas
937 2205 1103 2268 (penes
1127 2221 1228 2250 eum
1251 2202 1368 2250 sum-

89 2299 161 2328 ma
201 2281 377 2344 imperii
406 2279 526 2344 erat)
563 2279 806 2341 Achaeique
840 2280 895 2324 ad
928 2280 1108 2342 Dymas
1149 2276 1243 2340 regi
1281 2293 1368 2324 oc·-

88 2369 293 2400 currere:
325 2351 375 2399 &
403 2352 615 2398 Eleorum
645 2349 816 2397 accenfi
845 2349 983 2407 odio,
1015 2348 1139 2411 quod
1164 2366 1188 2394 a
1209 2348 1366 2393 ceteris

88 2426 262 2474 Achaeis
293 2424 591 2474 diss'cntirent:
626 2426 677 2472 &
704 2422 864 2471 infensi
893 2422 1085 2481 AEtolis,
1117 2438 1232 2486 quos
1268 2421 1368 2480 Ro-¹
