1628 2890
1271 95 1305 122 V

205 145 788 196 HISTORIARUM
834 149 961 198 LIB.
996 148 1193 200 XXVI.
1271 164 1364 216 339

74 250 270 316 primum
297 269 349 300 ac
384 252 437 299 de
469 251 725 316 provinciis
751 253 887 299 ambo
915 252 1120 301 consules
1151 253 1208 301 ad
1234 244 1365 301 senaa¹

76 338 172 372 tum
207 326 413 372 retulere.

141 399 353 445 XXVIII.
392 398 454 445 Ibi
474 398 714 455 Laevinus,
743 414 839 462 quo
870 398 982 446 statu
1007 400 1280 448 Macedonia
1312 402 1363 449 δε

77 471 254 517 Graecia
270 505 283 528 ‚
307 471 475 527 AEtoli,
503 475 760 517 Acarnanes
791 471 1017 535 Locrique
1050 474 1214 531 effent‚
1236 472 1367 537 quas-

75 560 166 606 que
186 543 249 589 ibi
266 560 333 590 res
352 543 442 606 ipse
459 541 610 606 egiss'et
629 554 747 589 terra
767 545 992 607 marique,
1009 545 1236 607 exposuit.
1257 549 1365 593 Plzi-

76 621 269 678 lippum,
304 619 538 677 inferentem
574 620 722 663 bellum
757 622 926 665 AEtolis
940 655 956 674 ,
992 622 1040 665 in
1063 623 1366 666 Macedoniam

76 707 179 737 retro
207 694 260 735 ab
264 692 316 751 fe
341 691 594 751 compulsum
609 726 622 746 ,
651 694 711 736 ad
726 694 878 737 intima
892 696 1062 752 penitus
1080 698 1193 756 regni
1219 693 1368 757 abifflb,

77 769 350 827 legionemque
376 768 472 810 inde
493 767 641 810 deduci
662 762 786 830 poffi.
816 764 973 828 claffisn
996 765 1112 826 satis
1133 766 1203 830 effe
1223 771 1283 813 aa'
1300 787 1369 814 ar·

77 842 251 884 cendum
278 841 407 884 Italia
440 855 579 899 regem.
617 837 726 882 Haec
758 838 812 883 de
846 836 888 883 se
922 837 1065 900 deque
1095 838 1370 900 provincia,

79 910 155 957 cui
181 911 432 974 praefuerat.
468 908 723 957 Consulum
752 911 805 957 de
834 910 1085 974 provinciis
1113 912 1370 959 communis

79 984 241 1030 relatio
275 984 372 1031 fuit.
410 973 651 1031 decrevere
674 985 861 1041 Patres,
902 988 966 1030 Ut
997 987 1115 1030 alteri
1152 987 1368 1046 consulum

81 1060 213 1105 Italia
239 1061 461 1120 bellumque
488 1077 579 1104 cum
605 1061 852 1105 Hannibale
872 1063 1097 1121 provincia
1119 1059 1236 1125 effes:
1268 1067 1371 1109 alter

82 1131 240 1196 claffem
255 1169 271 1189 ,
299 1137 366 1179 cui
391 1135 439 1179 T.
464 1134 678 1178 Otacilius
695 1132 948 1197 praefuiffet‚
980 1136 1250 1198 Siciliamque
1263 1155 1371 1197 pro·-

81 1209 264 1252 vinciam
299 1225 390 1252 cum
424 1209 474 1253 L.
510 1208 656 1252 Cincio
686 1224 856 1268 praetore
887 1210 1093 1254 obtineret.
1131 1209 1372 1257 Exercitus

82 1279 146 1326 eis
181 1280 273 1326 duo
310 1279 502 1337 decreti,
541 1279 619 1342 qui
654 1279 699 1326 in
738 1280 914 1327 Etruria
945 1259 1183 1345 &alliaque
1217 1283 1371 1332 essent.

81 1369 146 1399 eae
177 1363 374 1414 quatuor
396 1365 520 1397 erant
546 1351 760 1415 legiones.
796 1353 981 1398 urbanae
1009 1352 1109 1399 duae
1132 1351 1372 1416 superioris

82 1426 189 1472 anni
206 1425 254 1471 in
265 1424 508 1480 Etruriam3
523 1424 644 1482 duae,
659 1424 823 1488 quibus
839 1423 1064 1486 Sulpicius
1084 1425 1243 1473 consul
1261 1445 1373 1488 prae-

81 1499 230 1547 fuiffet
243 1535 256 1557 ‚
273 1498 320 1544 in
334 1497 527 1545 Galliam
545 1497 845 1545 mitterentur.
867 1497 1030 1544 Galliae
1049 1499 1098 1546 &
1117 1498 1373 1563 legionibus

82 1571 305 1637 praeesset,
332 1587 466 1634 quem
485 1570 669 1630 consul,
689 1569 815 1631 cujus
838 1571 961 1617 Italia
983 1570 1224 1633 provincia
1244 1573 1374 1634 esset,

81 1641 358 1707 praefeciffet.
392 1645 442 1689 In
461 1642 684 1689 Etruriam
713 1643 768 1690 C.
791 1642 1094 1705 Calpurnius,
1128 1643 1230 1704 post
1250 1663 1373 1707 prae-

83 1730 229 1765 turam
249 1730 500 1779 prorogato
525 1715 572 1762 in
598 1732 764 1762 annum
785 1713 1005 1778 imperio,
1027 1715 1207 1773 miffus;
1236 1721 1285 1766 δέ
1309 1722 1377 1781 Q.·

85 1788 248 1837 Fulvio
279 1788 439 1851 Capua
473 1787 716 1851 provincia
750 1788 958 1847 decreta,
987 1791 1376 1856 prorogatumque

86 1861 137 1910 in
171 1878 339 1909 annum
375 1861 629 1925 imperium.
659 1862 896 1910 Exercitus
921 1862 1095 1910 civium
1122 1862 1375 1912 sociorum·-

82 1952 176 1999 que
195 1934 338 1981 minui
364 1931 528 1996 juffus,
556 1947 605 1982 ut
623 1953 680 1982 ex
711 1937 880 1983 duabus
913 1935 1168 2000 legionibus
1194 1953 1282 1983 una
1307 1937 1379 1984 le··'

88 2011 195 2075 gio,
222 2007 423 2073 quinque
452 2010 594 2057 millia
618 2011 818 2074 peditum
839 2014 888 2059 &
908 2010 1098 2057 trecenti
1120 2010 1291 2073 equites
1310 2011 1376 2059 es-

86 2083 213 2138 sent;
246 2082 458 2140 dimiffis‚
490 2084 565 2147 qui
589 2084 782 2147 plurima
808 2083 1022 2147 stipendia
1053 2083 1294 2131 haberent:
1323 2087 1377 2134 &C
1425 2079 1427 2081 ¹

88 2153 318 2200 sociorum
350 2154 515 2217 septem
543 2156 684 2203 millia
717 2157 917 2220 peditum
953 2157 1003 2202 ὃς
1035 2153 1223 2201 trecenti
1252 2156 1377 2220 equi-

88 2237 154 2273 tes
181 2225 564 2290 relinquerentur,
582 2229 734 2275 eadem
757 2229 932 2275 ratione
953 2226 1276 2289 stipendiorum
1299 2229 1377 2275 ba-

87 2297 180 2344 bita
208 2298 254 2344 in
278 2300 508 2346 veteribus
537 2300 752 2348 militibus
781 2299 1072 2348 dimittendis.
1101 2300 1188 2346 Cn.
1210 2301 1375 2348 Fulvio

88 2370 265 2417 consuli
291 2371 532 2436 superioris
563 2375 697 2432 anni,
719 2392 803 2422 nec
833 2376 887 2422 de
917 2373 1160 2437 provincia
1180 2373 1373 2436 Apulia,

89 2459 175 2491 nec
206 2445 261 2491 de
294 2447 522 2508 exercitu,
556 2465 691 2512 quem
721 2449 936 2496 habuerat
957 2484 971 2508 ‚
1007 2447 1248 2510 quidquam
1276 2463 1375 2504 inu-3

1013 2523 1055 2566 Y
1095 2539 1121 2567 ι
