1628 2890
772 20 797 51 Χ

248 115 796 165 HISTORIARUM
839 121 964 167 LIE.
1004 123 1206 171 XXVI.
1295 128 1387 188 367

100 218 343 266 muititudo
365 223 415 268 δε
434 239 587 270 muros
607 225 943 273 transcendebat
959 263 972 285 ‚
996 227 1066 274 sed
1098 229 1143 275 hi
1160 231 1311 293 paffim
1334 233 1390 280 ad

102 294 268 339 caedem
285 295 616 356 oppidanorum
630 299 758 344 verfi.
781 299 989 363 illa,quae
1004 316 1179 364 portam
1201 304 1389 368 ingressa

100 376 220 423 erat,
240 363 351 426 justa
371 367 509 427 acies,
538 386 638 416 cum
666 369 873 431 ducibus,
894 390 995 420 cum
1021 375 1278 436 ordinibus,
1295 395 1390 426 me-

101 437 173 484 dia
193 437 301 483 urbe
319 438 364 483 in
385 438 535 487 forum
557 443 781 504 processit.
802 445 909 492 Inde
928 464 1031 494 cum
1048 448 1229 497 duobus
1252 450 1388 500 itine-

100 510 222 557 ribus
253 510 472 575 fugientes
508 513 682 561 videret
721 516 867 564 hostes
887 556 901 575 ‚
937 519 1048 566 alios
1081 521 1135 567 ad
1165 525 1388 574 tumulum

100 582 149 629 in
180 582 398 630 orientem
420 586 594 632 versum
614 622 628 645 ‚
660 588 736 649 qui
767 591 1000 638 tenebatur
1032 594 1385 658 quingentorum

100 654 293 701 militum
322 656 550 718 praefidio,
582 658 694 705 alios
724 659 771 705 in
798 678 942 709 arcem
960 700 975 721 ‚
997 663 1044 710 in
1070 683 1202 730 quam
1224 669 1387 731 &ipse

101 727 240 790 Mago
269 745 373 775 cum
401 728 613 776 omnibus
639 729 731 777 fere
758 734 934 781 armatis
951 771 966 793 ‚
999 736 1079 799 qui
1104 739 1245 786 muris
1275 742 1386 803 pulfi

101 796 304 858 fuerant,
335 799 586 864 refugerat3
616 802 778 864 partim
813 806 1047 868 copiarum
1080 811 1135 856 ad
1164 814 1386 862 tumulum

98 874 448 936 expugnandum
478 874 646 933 mittit,
679 877 838 939 partim
866 879 957 942 ipse
988 881 1042 927 ad
1074 899 1219 930 arcem
1247 888 1386 937 ducit.

101 945 154 991 &
190 946 388 992 tumulus
423 946 570 1009 primo
602 948 772 1010 impetu
807 950 867 996 est
904 966 1093 1015 captus,
1133 957 1183 1002 &
1219 958 1384 1021 Mago,

101 1033 249 1063 arcem
279 1029 467 1064 conatus
490 1017 726 1066 defendere
742 1054 756 1076 ‚
778 1038 881 1068 cum
903 1024 1057 1071 omnia
1076 1025 1272 1075 hostium
1292 1031 1383 1092 ple-

100 1107 156 1135 na
186 1090 390 1148 videret,
423 1108 567 1154 neque
601 1093 721 1155 spem
752 1095 890 1142 ullam
921 1097 1034 1156 effe,
1070 1097 1112 1146 se
1147 1117 1385 1166 arcemque

100 1163 150 1208 δε
175 1162 424 1223 praesidium
453 1165 633 1213 dedidit.
663 1168 833 1226 Quoad
857 1169 1003 1216 dedita
1032 1188 1111 1217 arx
1134 1172 1196 1219 est
1206 1209 1220 1231 ,
1242 1176 1386 1223 caedes

101 1244 198 1280 tota
217 1229 328 1281 urbe
356 1236 506 1297 paffim
534 1237 684 1295 fattae3
710 1256 793 1288 nec
823 1240 903 1287 ulli
927 1243 1176 1304 puberum,
1203 1247 1281 1308 qui
1303 1247 1385 1292 ob·

100 1308 204 1355 vius
238 1309 352 1365 fuit,
385 1311 661 1372 parcebatur.
693 1325 817 1374 tum,
847 1315 974 1378 signo
1008 1317 1147 1375 dato,
1186 1320 1384 1369 caedibus

101 1380 203 1428 finis
230 1383 383 1430 faetus.
419 1385 474 1431 ad
495 1387 687 1447 praedam
707 1389 904 1438 vffiores
931 1392 1044 1443 versi
1053 1429 1070 1451 ,
1098 1410 1200 1458 quae
1226 1394 1383 1460 ingens

102 1457 250 1502 omnis
275 1457 450 1520 generis
478 1457 577 1506 fuit.

166 1531 346 1577 XLVII.
381 1531 647 1580 Liberorum
677 1534 873 1598 capitum
904 1536 1038 1585 virile
1065 1537 1186 1587 secus
1219 1540 1275 1587 ad
1304 1542 1382 1588 de·-

100 1617 197 1648 cem
231 1600 371 1647 millia
399 1615 539 1665 capta,
573 1603 705 1663 inde,
741 1608 818 1671 qui
844 1608 968 1656 cives
1002 1611 1153 1658 Novae
1184 1612 1381 1661 Cartha-

99 1673 215 1737 ginis
234 1685 383 1732 erant,
404 1675 587 1723 dimifit:
616 1678 864 1745 urbemque
892 1683 941 1730 &
963 1682 1038 1731 sua
1068 1684 1255 1743 omnia,
1282 1703 1383 1750 quae

99 1745 270 1809 reliqua
308 1747 370 1793 eis
405 1748 570 1795 bellum
603 1749 799 1808 fecerat,
836 1753 1042 1803 restituit.
1093 1756 1296 1820 Opifices
1329 1758 1383 1805 ad

49 1862 52 1865 .
101 1820 193 1866 duo
213 1819 352 1867 millia
378 1820 613 1869 hominum
640 1836 793 1881 erant,
827 1842 905 1873 eos
937 1828 1146 1890 publicos
1167 1831 1264 1877 fore
1292 1849 1382 1894 po-

100 1892 196 1954 puli
230 1895 424 1940 Romani
451 1896 616 1954 edixit,
640 1914 740 1944 cum
760 1897 835 1963 spe
865 1902 1122 1966 propinqua
1143 1903 1381 1963 libertatiS,

98 1963 131 2009 fi
162 1964 215 2009 ad
246 1965 484 2012 ministeria
513 1967 619 2015 belli
648 1969 765 2016 enise
800 1987 985 2034 operam
1011 1975 1254 2021 navaffent.
1292 1977 1384 2023 Ce-

99 2048 236 2082 teram
272 2037 604 2087 multitudinem
634 2041 888 2090 incolarum
912 2044 1131 2106 juvenum
1153 2081 1167 2103 ‚
1194 2063 1246 2094 ac
1268 2046 1385 2092 vali-

100 2108 262 2155 dorum
296 2109 559 2172 servorum,
585 2113 632 2160 in
665 2114 918 2162 classem-ad
938 2116 1290 2180 supplementum
1315 2135 1383 2164 re·

59 2221 68 2225 ,
100 2181 267 2245 migum
285 2183 420 2232 dedit.
445 2185 495 2232 &
513 2200 694 2234 auxerat
711 2188 906 2236 navibus
926 2191 1032 2238 odio
1054 2190 1248 2253 captivis
1271 2190 1380 2238 clas-

99 2253 203 2301 sem.
242 2257 376 2302 Extra
407 2257 520 2305 hanc
555 2260 888 2307 multitudinem
919 2263 1226 2325 Hispanorum
1258 2264 1381 2310 obfi-

99 2327 177 2374 des
205 2340 352 2376 erant:
385 2347 578 2395 quorum
604 2333 814 2395 perinde,
852 2352 904 2382 ac
932 2336 963 2382 si
995 2336 1222 2384 sociorum
1252 2337 1381 2383 liberi

100 2400 237 2449 effent
251 2436 266 2460 ‚
291 2420 396 2453 cura
415 2406 580 2455 habita.
603 2408 772 2472 Captus
793 2410 843 2457 δι
862 2426 1097 2473 apparatus
1113 2410 1267 2476 ingens
1286 2410 1382 2457 bel*
