<?xml version="1.0" encoding="UTF-8"?>
<!DOCTYPE html PUBLIC "-//W3C//DTD XHTML 1.0 Transitional//EN"
    "http://www.w3.org/TR/xhtml1/DTD/xhtml1-transitional.dtd">
<html xmlns="http://www.w3.org/1999/xhtml" xml:lang="en" lang="en">
 <head>
  <title>
</title>
<meta http-equiv="Content-Type" content="text/html;charset=utf-8" />
  <meta name='ocr-system' content='tesseract 3.04.00' />
  <meta name='ocr-capabilities' content='ocr_page ocr_carea ocr_par ocr_line ocrx_word'/>
</head>
<body>
  <div class='ocr_page' id='page_1' title='image "./historiarumlibri04livyuoft_0249.png"; bbox 0 0 1628 2890; ppageno 0'>
   <div class='ocr_carea' id='block_1_1' title="bbox 275 162 1386 222">
    <p class='ocr_par' dir='ltr' id='par_1_1' title="bbox 275 162 1386 222">
     <span class='ocr_line' id='line_1_1' title="bbox 275 162 1386 222; baseline -0.002 -10"><span class='ocrx_word' id='word_1_1' title='bbox 275 162 825 212; x_wconf 75' lang='lat' dir='ltr'><strong>HtsToRtARUM</strong></span> <span class='ocrx_word' id='word_1_2' title='bbox 874 164 999 208; x_wconf 61' lang='grc' dir='ltr'><strong>ΜΒ.</strong></span> <span class='ocrx_word' id='word_1_3' title='bbox 1038 162 1202 209; x_wconf 81' lang='lat' dir='ltr'>XXV.</span> <span class='ocrx_word' id='word_1_4' title='bbox 1301 178 1386 222; x_wconf 83' lang='lat'><strong>241</strong></span> 
     </span>
    </p>
   </div>
   <div class='ocr_carea' id='block_1_2' title="bbox 97 267 1412 2382">
    <p class='ocr_par' dir='ltr' id='par_1_2' title="bbox 97 267 1411 2233">
     <span class='ocr_line' id='line_1_2' title="bbox 97 267 1390 326; baseline -0.009 -1"><span class='ocrx_word' id='word_1_5' title='bbox 97 290 185 326; x_wconf 78' lang='lat' dir='ltr'><strong>tur.</strong></span> <span class='ocrx_word' id='word_1_6' title='bbox 218 276 464 323; x_wconf 83' lang='lat' dir='ltr'><strong>Terrorem</strong></span> <span class='ocrx_word' id='word_1_7' title='bbox 494 274 544 320; x_wconf 88' lang='lat'>&amp;</span> <span class='ocrx_word' id='word_1_8' title='bbox 569 272 676 319; x_wconf 88' lang='lat' dir='ltr'><strong>tuba</strong></span> <span class='ocrx_word' id='word_1_9' title='bbox 703 270 853 318; x_wconf 73' lang='lat' dir='ltr'><strong>audita</strong></span> <span class='ocrx_word' id='word_1_10' title='bbox 886 287 940 317; x_wconf 86' lang='lat' dir='ltr'><strong>ex</strong></span> <span class='ocrx_word' id='word_1_11' title='bbox 972 270 1152 316; x_wconf 84' lang='lat' dir='ltr'><strong>theatro</strong></span> <span class='ocrx_word' id='word_1_12' title='bbox 1183 267 1390 315; x_wconf 81' lang='lat' dir='ltr'>faciebat.</span> 
     </span>
     <span class='ocr_line' id='line_1_3' title="bbox 97 341 1389 409; baseline -0.007 -11"><span class='ocrx_word' id='word_1_13' title='bbox 97 368 201 409; x_wconf 86' lang='lat' dir='ltr'><strong>nam</strong></span> <span class='ocrx_word' id='word_1_14' title='bbox 231 349 500 397; x_wconf 83' lang='lat' dir='ltr'><strong>&amp;Romana</strong></span> <span class='ocrx_word' id='word_1_15' title='bbox 527 359 643 401; x_wconf 86' lang='lat' dir='ltr'><strong>erat,</strong></span> <span class='ocrx_word' id='word_1_16' title='bbox 665 363 690 392; x_wconf 89' lang='lat' dir='ltr'><strong>a</strong></span> <span class='ocrx_word' id='word_1_17' title='bbox 709 343 1022 408; x_wconf 75' lang='lat' dir='ltr'><strong>proditoribus</strong></span> <span class='ocrx_word' id='word_1_18' title='bbox 1050 343 1104 389; x_wconf 89' lang='lat' dir='ltr'><strong>ad</strong></span> <span class='ocrx_word' id='word_1_19' title='bbox 1131 342 1221 389; x_wconf 89' lang='lat' dir='ltr'><strong>hoc</strong></span> <span class='ocrx_word' id='word_1_20' title='bbox 1243 341 1389 405; x_wconf 88' lang='lat' dir='ltr'><strong>ipsum</strong></span> 
     </span>
     <span class='ocr_line' id='line_1_4' title="bbox 98 415 1395 486; baseline -0.005 -17"><span class='ocrx_word' id='word_1_21' title='bbox 98 432 372 486; x_wconf 82' lang='lat' dir='ltr'><strong>praeparata:</strong></span> <span class='ocrx_word' id='word_1_22' title='bbox 403 422 452 467; x_wconf 84' lang='lat'>&amp;</span> <span class='ocrx_word' id='word_1_23' title='bbox 473 418 713 465; x_wconf 82' lang='lat' dir='ltr'><strong>inscienter</strong></span> <span class='ocrx_word' id='word_1_24' title='bbox 736 435 760 463; x_wconf 91' lang='lat' dir='ltr'><strong>a</strong></span> <span class='ocrx_word' id='word_1_25' title='bbox 780 418 947 463; x_wconf 83' lang='lat' dir='ltr'><strong>Graeco</strong></span> <span class='ocrx_word' id='word_1_26' title='bbox 968 415 1116 461; x_wconf 77' lang='lat' dir='ltr'><strong>inflata</strong></span> <span class='ocrx_word' id='word_1_27' title='bbox 1132 451 1146 474; x_wconf 93' lang='lat'><strong>,</strong></span> <span class='ocrx_word' id='word_1_28' title='bbox 1171 415 1270 479; x_wconf 82' lang='lat' dir='ltr'><strong>quis</strong></span> <span class='ocrx_word' id='word_1_29' title='bbox 1284 451 1298 474; x_wconf 90' lang='lat'><strong>,</strong></span> <span class='ocrx_word' id='word_1_30' title='bbox 1318 428 1395 463; x_wconf 88' lang='lat' dir='ltr'><strong>aut</strong></span> 
     </span>
     <span class='ocr_line' id='line_1_5' title="bbox 99 488 1394 559; baseline -0.005 -18"><span class='ocrx_word' id='word_1_31' title='bbox 99 496 262 559; x_wconf 84' lang='lat' dir='ltr'><strong>quibus</strong></span> <span class='ocrx_word' id='word_1_32' title='bbox 290 494 464 557; x_wconf 78' lang='lat' dir='ltr'><strong>{ignum</strong></span> <span class='ocrx_word' id='word_1_33' title='bbox 498 492 644 548; x_wconf 87' lang='lat' dir='ltr'><strong>daret,</strong></span> <span class='ocrx_word' id='word_1_34' title='bbox 680 491 900 538; x_wconf 87' lang='lat' dir='ltr'><strong>incertum</strong></span> <span class='ocrx_word' id='word_1_35' title='bbox 930 488 1167 535; x_wconf 82' lang='lat' dir='ltr'><strong>efficiebat.</strong></span> <span class='ocrx_word' id='word_1_36' title='bbox 1203 488 1294 535; x_wconf 88' lang='lat' dir='ltr'><strong>Ubi</strong></span> <span class='ocrx_word' id='word_1_37' title='bbox 1334 488 1394 534; x_wconf 91' lang='lat' dir='ltr'><strong>il-</strong></span> 
     </span>
     <span class='ocr_line' id='line_1_6' title="bbox 100 562 1396 625; baseline -0.005 -10"><span class='ocrx_word' id='word_1_38' title='bbox 100 567 244 625; x_wconf 84' lang='lat' dir='ltr'><strong>luxit,</strong></span> <span class='ocrx_word' id='word_1_39' title='bbox 265 570 312 615; x_wconf 74' lang='grc'><strong>8(</strong></span> <span class='ocrx_word' id='word_1_40' title='bbox 330 565 548 613; x_wconf 86' lang='lat' dir='ltr'><strong>Romanis</strong></span> <span class='ocrx_word' id='word_1_41' title='bbox 570 562 737 611; x_wconf 86' lang='lat' dir='ltr'><strong>Punica</strong></span> <span class='ocrx_word' id='word_1_42' title='bbox 761 565 811 610; x_wconf 87' lang='lat'>&amp;</span> <span class='ocrx_word' id='word_1_43' title='bbox 836 562 1011 609; x_wconf 82' lang='lat' dir='ltr'><strong>Gallica</strong></span> <span class='ocrx_word' id='word_1_44' title='bbox 1034 578 1156 608; x_wconf 88' lang='lat' dir='ltr'><strong>arma</strong></span> <span class='ocrx_word' id='word_1_45' title='bbox 1184 562 1396 625; x_wconf 83' lang='lat' dir='ltr'><strong>cognita,</strong></span> 
     </span>
     <span class='ocr_line' id='line_1_7' title="bbox 101 635 1397 693; baseline -0.005 -6"><span class='ocrx_word' id='word_1_46' title='bbox 101 653 203 688; x_wconf 84' lang='lat' dir='ltr'><strong>tum</strong></span> <span class='ocrx_word' id='word_1_47' title='bbox 238 640 565 686; x_wconf 80' lang='lat' dir='ltr'><strong>dubitationem</strong></span> <span class='ocrx_word' id='word_1_48' title='bbox 598 646 892 684; x_wconf 88' lang='lat' dir='ltr'><strong>exemerunt:</strong></span> <span class='ocrx_word' id='word_1_49' title='bbox 927 637 977 683; x_wconf 65' lang='grc' dir='ltr'><strong>δέ</strong></span> <span class='ocrx_word' id='word_1_50' title='bbox 1003 635 1186 693; x_wconf 78' lang='lat' dir='ltr'><strong>Graeci,</strong></span> <span class='ocrx_word' id='word_1_51' title='bbox 1222 636 1397 682; x_wconf 88' lang='lat' dir='ltr'><strong>Rorna-</strong></span> 
     </span>
     <span class='ocr_line' id='line_1_8' title="bbox 102 707 1397 776; baseline -0.005 -15"><span class='ocrx_word' id='word_1_52' title='bbox 102 731 191 761; x_wconf 84' lang='lat' dir='ltr'><strong>nos</strong></span> <span class='ocrx_word' id='word_1_53' title='bbox 222 713 372 776; x_wconf 86' lang='lat' dir='ltr'><strong>paffim</strong></span> <span class='ocrx_word' id='word_1_54' title='bbox 410 711 530 758; x_wconf 80' lang='lat' dir='ltr'><strong>caede</strong></span> <span class='ocrx_word' id='word_1_55' title='bbox 565 709 723 756; x_wconf 85' lang='lat' dir='ltr'><strong>stratos</strong></span> <span class='ocrx_word' id='word_1_56' title='bbox 757 720 1021 762; x_wconf 84' lang='lat' dir='ltr'><strong>cernentes,</strong></span> <span class='ocrx_word' id='word_1_57' title='bbox 1053 708 1107 752; x_wconf 89' lang='lat' dir='ltr'><strong>ab</strong></span> <span class='ocrx_word' id='word_1_58' title='bbox 1142 707 1397 755; x_wconf 76' lang='lat' dir='ltr'><strong>Hannibale</strong></span> 
     </span>
     <span class='ocr_line' id='line_1_9' title="bbox 105 780 1397 847; baseline -0.005 -15"><span class='ocrx_word' id='word_1_59' title='bbox 105 798 283 847; x_wconf 85' lang='lat' dir='ltr'><strong>captam</strong></span> <span class='ocrx_word' id='word_1_60' title='bbox 303 783 459 829; x_wconf 89' lang='lat' dir='ltr'><strong>urbem</strong></span> <span class='ocrx_word' id='word_1_61' title='bbox 480 780 721 828; x_wconf 87' lang='lat' dir='ltr'><strong>senserunt.</strong></span> <span class='ocrx_word' id='word_1_62' title='bbox 741 780 982 843; x_wconf 74' lang='lat' dir='ltr'><strong>Postquam</strong></span> <span class='ocrx_word' id='word_1_63' title='bbox 1003 781 1081 824; x_wconf 75' lang='lat' dir='ltr'><strong>lux</strong></span> <span class='ocrx_word' id='word_1_64' title='bbox 1095 780 1264 826; x_wconf 81' lang='lat' dir='ltr'><strong>certior</strong></span> <span class='ocrx_word' id='word_1_65' title='bbox 1279 793 1397 838; x_wconf 90' lang='lat' dir='ltr'><strong>erat,</strong></span> 
     </span>
     <span class='ocr_line' id='line_1_10' title="bbox 106 851 1399 918; baseline -0.004 -13"><span class='ocrx_word' id='word_1_66' title='bbox 106 860 158 906; x_wconf 71' lang='grc' dir='ltr'><strong>δε</strong></span> <span class='ocrx_word' id='word_1_67' title='bbox 195 857 423 914; x_wconf 86' lang='lat' dir='ltr'><strong>Romani,</strong></span> <span class='ocrx_word' id='word_1_68' title='bbox 458 854 539 918; x_wconf 89' lang='lat' dir='ltr'><strong>qui</strong></span> <span class='ocrx_word' id='word_1_69' title='bbox 566 853 765 901; x_wconf 84' lang='lat' dir='ltr'><strong>caedibus</strong></span> <span class='ocrx_word' id='word_1_70' title='bbox 794 851 1138 916; x_wconf 77' lang='lat' dir='ltr'><strong>superfuerant,</strong></span> <span class='ocrx_word' id='word_1_71' title='bbox 1174 853 1220 898; x_wconf 89' lang='lat' dir='ltr'><strong>in</strong></span> <span class='ocrx_word' id='word_1_72' title='bbox 1250 870 1399 900; x_wconf 84' lang='lat' dir='ltr'><strong>arcem</strong></span> 
     </span>
     <span class='ocr_line' id='line_1_11' title="bbox 107 924 1400 992; baseline -0.004 -15"><span class='ocrx_word' id='word_1_73' title='bbox 107 928 435 992; x_wconf 82' lang='lat' dir='ltr'><strong>confugerant,</strong></span> <span class='ocrx_word' id='word_1_74' title='bbox 467 924 887 987; x_wconf 84' lang='lat' dir='ltr'><strong>conticescebatque</strong></span> <span class='ocrx_word' id='word_1_75' title='bbox 915 925 1128 986; x_wconf 83' lang='lat' dir='ltr'><strong>paulatim</strong></span> <span class='ocrx_word' id='word_1_76' title='bbox 1157 927 1400 982; x_wconf 81' lang='lat' dir='ltr'><strong>tumultus;</strong></span> 
     </span>
     <span class='ocr_line' id='line_1_12' title="bbox 106 998 1400 1061; baseline -0.002 -12"><span class='ocrx_word' id='word_1_77' title='bbox 106 1015 203 1050; x_wconf 87' lang='lat' dir='ltr'><strong>tum</strong></span> <span class='ocrx_word' id='word_1_78' title='bbox 222 1000 445 1048; x_wconf 79' lang='lat' dir='ltr'><strong>Hannibal</strong></span> <span class='ocrx_word' id='word_1_79' title='bbox 464 999 736 1047; x_wconf 84' lang='lat' dir='ltr'><strong>Tarentinos</strong></span> <span class='ocrx_word' id='word_1_80' title='bbox 768 998 859 1044; x_wconf 87' lang='lat' dir='ltr'><strong>fine</strong></span> <span class='ocrx_word' id='word_1_81' title='bbox 885 998 1020 1044; x_wconf 84' lang='lat' dir='ltr'><strong>armis</strong></span> <span class='ocrx_word' id='word_1_82' title='bbox 1047 1015 1310 1046; x_wconf 87' lang='lat' dir='ltr'><strong>convocare</strong></span> <span class='ocrx_word' id='word_1_83' title='bbox 1331 1000 1400 1061; x_wconf 79' lang='lat' dir='ltr'><strong>ju-</strong></span> 
     </span>
     <span class='ocr_line' id='line_1_13' title="bbox 108 1072 1399 1135; baseline -0.004 -10"><span class='ocrx_word' id='word_1_84' title='bbox 108 1079 198 1125; x_wconf 90' lang='lat' dir='ltr'><strong>bet.</strong></span> <span class='ocrx_word' id='word_1_85' title='bbox 234 1077 512 1123; x_wconf 82' lang='lat' dir='ltr'><strong>Convenere</strong></span> <span class='ocrx_word' id='word_1_86' title='bbox 540 1089 698 1120; x_wconf 80' lang='lat' dir='ltr'><strong>omnes</strong></span> <span class='ocrx_word' id='word_1_87' title='bbox 717 1107 731 1130; x_wconf 89' lang='lat'><strong>,</strong></span> <span class='ocrx_word' id='word_1_88' title='bbox 769 1083 1068 1135; x_wconf 67' lang='lat' dir='ltr'><strong>praeterquam</strong></span> <span class='ocrx_word' id='word_1_89' title='bbox 1098 1072 1200 1134; x_wconf 85' lang='lat' dir='ltr'><strong>qui,</strong></span> <span class='ocrx_word' id='word_1_90' title='bbox 1232 1075 1399 1120; x_wconf 84' lang='lat' dir='ltr'><strong>ceden-</strong></span> 
     </span>
     <span class='ocr_line' id='line_1_14' title="bbox 108 1146 1399 1206; baseline -0.002 -8"><span class='ocrx_word' id='word_1_91' title='bbox 108 1164 174 1198; x_wconf 86' lang='lat' dir='ltr'><strong>tes</strong></span> <span class='ocrx_word' id='word_1_92' title='bbox 194 1151 241 1197; x_wconf 88' lang='lat' dir='ltr'><strong>in</strong></span> <span class='ocrx_word' id='word_1_93' title='bbox 263 1167 410 1198; x_wconf 87' lang='lat' dir='ltr'><strong>arcem</strong></span> <span class='ocrx_word' id='word_1_94' title='bbox 427 1185 441 1206; x_wconf 93' lang='lat'><strong>,</strong></span> <span class='ocrx_word' id='word_1_95' title='bbox 459 1149 695 1195; x_wconf 87' lang='lat' dir='ltr'><strong>Romanos</strong></span> <span class='ocrx_word' id='word_1_96' title='bbox 721 1146 778 1193; x_wconf 88' lang='lat' dir='ltr'><strong>ad</strong></span> <span class='ocrx_word' id='word_1_97' title='bbox 797 1162 983 1193; x_wconf 89' lang='lat' dir='ltr'><strong>omnem</strong></span> <span class='ocrx_word' id='word_1_98' title='bbox 1002 1147 1250 1193; x_wconf 75' lang='lat' dir='ltr'><strong>adeundam</strong></span> <span class='ocrx_word' id='word_1_99' title='bbox 1270 1148 1399 1196; x_wconf 72' lang='lat' dir='ltr'><strong>simul</strong></span> 
     </span>
     <span class='ocr_line' id='line_1_15' title="bbox 106 1217 1401 1286; baseline 0.001 -18"><span class='ocrx_word' id='word_1_100' title='bbox 106 1221 338 1269; x_wconf 86' lang='lat' dir='ltr'><strong>fortunam</strong></span> <span class='ocrx_word' id='word_1_101' title='bbox 367 1220 593 1284; x_wconf 87' lang='lat' dir='ltr'><strong>prosecuti</strong></span> <span class='ocrx_word' id='word_1_102' title='bbox 615 1218 803 1265; x_wconf 88' lang='lat' dir='ltr'><strong>fuerant.</strong></span> <span class='ocrx_word' id='word_1_103' title='bbox 834 1217 900 1264; x_wconf 89' lang='lat' dir='ltr'><strong>lbi</strong></span> <span class='ocrx_word' id='word_1_104' title='bbox 925 1219 1175 1278; x_wconf 85' lang='lat' dir='ltr'><strong>Hannibal,</strong></span> <span class='ocrx_word' id='word_1_105' title='bbox 1205 1220 1401 1286; x_wconf 77' lang='lat' dir='ltr'><strong>benigne</strong></span> 
     </span>
     <span class='ocr_line' id='line_1_16' title="bbox 109 1289 1401 1354; baseline -0.001 -12"><span class='ocrx_word' id='word_1_106' title='bbox 109 1295 335 1343; x_wconf 81' lang='lat' dir='ltr'><strong>allocutus</strong></span> <span class='ocrx_word' id='word_1_107' title='bbox 368 1293 675 1349; x_wconf 84' lang='lat' dir='ltr'><strong>Tarentinos,</strong></span> <span class='ocrx_word' id='word_1_108' title='bbox 710 1289 1000 1354; x_wconf 81' lang='lat' dir='ltr'><strong>testatusque,</strong></span> <span class='ocrx_word' id='word_1_109' title='bbox 1033 1308 1135 1353; x_wconf 81' lang='lat' dir='ltr'><strong>quae</strong></span> <span class='ocrx_word' id='word_1_110' title='bbox 1173 1294 1401 1354; x_wconf 84' lang='lat' dir='ltr'><strong>praestitis-</strong></span> 
     </span>
     <span class='ocr_line' id='line_1_17' title="bbox 108 1365 1403 1430; baseline 0 -13"><span class='ocrx_word' id='word_1_111' title='bbox 108 1369 174 1417; x_wconf 89' lang='lat' dir='ltr'><strong>set</strong></span> <span class='ocrx_word' id='word_1_112' title='bbox 211 1369 389 1417; x_wconf 84' lang='lat' dir='ltr'><strong>civibus</strong></span> <span class='ocrx_word' id='word_1_113' title='bbox 429 1384 620 1426; x_wconf 84' lang='lat' dir='ltr'><strong>eorum,</strong></span> <span class='ocrx_word' id='word_1_114' title='bbox 653 1382 769 1430; x_wconf 83' lang='lat' dir='ltr'><strong>quos</strong></span> <span class='ocrx_word' id='word_1_115' title='bbox 803 1366 858 1411; x_wconf 90' lang='lat' dir='ltr'><strong>ad</strong></span> <span class='ocrx_word' id='word_1_116' title='bbox 890 1365 1201 1413; x_wconf 80' lang='lat' dir='ltr'><strong>Trasimenum</strong></span> <span class='ocrx_word' id='word_1_117' title='bbox 1237 1380 1311 1415; x_wconf 85' lang='lat' dir='ltr'><strong>aut</strong></span> <span class='ocrx_word' id='word_1_118' title='bbox 1347 1371 1403 1418; x_wconf 86' lang='lat' dir='ltr'><strong>ad</strong></span> 
     </span>
     <span class='ocr_line' id='line_1_18' title="bbox 111 1438 1401 1503; baseline 0.002 -15"><span class='ocrx_word' id='word_1_119' title='bbox 111 1443 294 1489; x_wconf 87' lang='lat' dir='ltr'><strong>Cannas</strong></span> <span class='ocrx_word' id='word_1_120' title='bbox 315 1441 517 1503; x_wconf 76' lang='lat' dir='ltr'><strong>cepisset,</strong></span> <span class='ocrx_word' id='word_1_121' title='bbox 552 1438 679 1485; x_wconf 88' lang='lat' dir='ltr'><strong>fimul</strong></span> <span class='ocrx_word' id='word_1_122' title='bbox 704 1439 750 1484; x_wconf 90' lang='lat' dir='ltr'><strong>in</strong></span> <span class='ocrx_word' id='word_1_123' title='bbox 779 1438 1137 1484; x_wconf 84' lang='lat' dir='ltr'><strong>dominationem</strong></span> <span class='ocrx_word' id='word_1_124' title='bbox 1164 1439 1401 1503; x_wconf 88' lang='lat' dir='ltr'><strong>superbam</strong></span> 
     </span>
     <span class='ocr_line' id='line_1_19' title="bbox 111 1510 1403 1573; baseline -0.002 -10"><span class='ocrx_word' id='word_1_125' title='bbox 111 1517 433 1563; x_wconf 85' lang='lat' dir='ltr'><strong>Romanorum</strong></span> <span class='ocrx_word' id='word_1_126' title='bbox 468 1512 671 1560; x_wconf 63' lang='lat' dir='ltr'><strong>invectus</strong></span> <span class='ocrx_word' id='word_1_127' title='bbox 689 1547 702 1570; x_wconf 89' lang='lat'><strong>,</strong></span> <span class='ocrx_word' id='word_1_128' title='bbox 730 1510 928 1573; x_wconf 88' lang='lat' dir='ltr'><strong>recipere</strong></span> <span class='ocrx_word' id='word_1_129' title='bbox 957 1510 998 1557; x_wconf 90' lang='lat' dir='ltr'><strong>se</strong></span> <span class='ocrx_word' id='word_1_130' title='bbox 1028 1512 1075 1557; x_wconf 88' lang='lat' dir='ltr'><strong>in</strong></span> <span class='ocrx_word' id='word_1_131' title='bbox 1110 1513 1274 1562; x_wconf 83' lang='lat' dir='ltr'><strong>domos</strong></span> <span class='ocrx_word' id='word_1_132' title='bbox 1307 1516 1403 1567; x_wconf 77' lang='lat' dir='ltr'><strong>suas</strong></span> 
     </span>
     <span class='ocr_line' id='line_1_20' title="bbox 112 1585 1406 1654; baseline 0.002 -18"><span class='ocrx_word' id='word_1_133' title='bbox 112 1604 340 1654; x_wconf 82' lang='lat' dir='ltr'><strong>quemque</strong></span> <span class='ocrx_word' id='word_1_134' title='bbox 360 1586 503 1649; x_wconf 72' lang='lat' dir='ltr'><strong>justit,</strong></span> <span class='ocrx_word' id='word_1_135' title='bbox 530 1589 580 1635; x_wconf 70' lang='grc' dir='ltr'><strong>δι</strong></span> <span class='ocrx_word' id='word_1_136' title='bbox 600 1585 775 1633; x_wconf 85' lang='lat' dir='ltr'><strong>foribus</strong></span> <span class='ocrx_word' id='word_1_137' title='bbox 803 1602 971 1632; x_wconf 86' lang='lat' dir='ltr'><strong>nomen</strong></span> <span class='ocrx_word' id='word_1_138' title='bbox 992 1585 1118 1632; x_wconf 86' lang='lat' dir='ltr'><strong>suum</strong></span> <span class='ocrx_word' id='word_1_139' title='bbox 1137 1587 1406 1642; x_wconf 82' lang='lat' dir='ltr'><strong>inscribere:</strong></span> 
     </span>
     <span class='ocr_line' id='line_1_21' title="bbox 112 1659 1404 1729; baseline -0.002 -17"><span class='ocrx_word' id='word_1_140' title='bbox 112 1664 157 1712; x_wconf 85' lang='lat' dir='ltr'><strong>se</strong></span> <span class='ocrx_word' id='word_1_141' title='bbox 192 1664 356 1710; x_wconf 85' lang='lat' dir='ltr'><strong>domos</strong></span> <span class='ocrx_word' id='word_1_142' title='bbox 392 1679 496 1720; x_wconf 82' lang='lat' dir='ltr'><strong>eas,</strong></span> <span class='ocrx_word' id='word_1_143' title='bbox 535 1678 637 1725; x_wconf 85' lang='lat' dir='ltr'><strong>quae</strong></span> <span class='ocrx_word' id='word_1_144' title='bbox 675 1659 899 1723; x_wconf 67' lang='lat' dir='ltr'><strong>inscriptae</strong></span> <span class='ocrx_word' id='word_1_145' title='bbox 937 1677 1033 1706; x_wconf 89' lang='lat' dir='ltr'><strong>non</strong></span> <span class='ocrx_word' id='word_1_146' title='bbox 1067 1661 1238 1723; x_wconf 69' lang='lat' dir='ltr'><strong>essent,</strong></span> <span class='ocrx_word' id='word_1_147' title='bbox 1275 1665 1404 1729; x_wconf 84' lang='lat' dir='ltr'><strong>signo</strong></span> 
     </span>
     <span class='ocr_line' id='line_1_22' title="bbox 113 1732 1406 1802; baseline 0.001 -19"><span class='ocrx_word' id='word_1_148' title='bbox 113 1735 348 1798; x_wconf 83' lang='lat' dir='ltr'><strong>extemplo</strong></span> <span class='ocrx_word' id='word_1_149' title='bbox 377 1734 513 1792; x_wconf 87' lang='lat' dir='ltr'><strong>dato,</strong></span> <span class='ocrx_word' id='word_1_150' title='bbox 543 1732 675 1796; x_wconf 86' lang='lat' dir='ltr'><strong>diripi</strong></span> <span class='ocrx_word' id='word_1_151' title='bbox 702 1732 930 1794; x_wconf 75' lang='lat' dir='ltr'><strong>jussurum.</strong></span> <span class='ocrx_word' id='word_1_152' title='bbox 967 1733 1009 1779; x_wconf 82' lang='lat' dir='ltr'><strong>Si</strong></span> <span class='ocrx_word' id='word_1_153' title='bbox 1032 1733 1130 1797; x_wconf 86' lang='lat' dir='ltr'><strong>quis</strong></span> <span class='ocrx_word' id='word_1_154' title='bbox 1164 1734 1212 1781; x_wconf 86' lang='lat' dir='ltr'><strong>in</strong></span> <span class='ocrx_word' id='word_1_155' title='bbox 1246 1737 1406 1802; x_wconf 77' lang='lat' dir='ltr'><strong>hospi-</strong></span> 
     </span>
     <span class='ocr_line' id='line_1_23' title="bbox 115 1806 1405 1877; baseline 0.002 -19"><span class='ocrx_word' id='word_1_156' title='bbox 115 1810 184 1858; x_wconf 87' lang='lat' dir='ltr'><strong>tio</strong></span> <span class='ocrx_word' id='word_1_157' title='bbox 211 1809 327 1857; x_wconf 83' lang='lat' dir='ltr'><strong>civis</strong></span> <span class='ocrx_word' id='word_1_158' title='bbox 350 1806 548 1855; x_wconf 86' lang='lat' dir='ltr'><strong>Romani</strong></span> <span class='ocrx_word' id='word_1_159' title='bbox 576 1806 768 1872; x_wconf 85' lang='lat' dir='ltr'><strong>(vacuas</strong></span> <span class='ocrx_word' id='word_1_160' title='bbox 794 1819 942 1853; x_wconf 89' lang='lat' dir='ltr'><strong>autem</strong></span> <span class='ocrx_word' id='word_1_161' title='bbox 972 1808 1186 1855; x_wconf 84' lang='lat' dir='ltr'><strong>tenebant</strong></span> <span class='ocrx_word' id='word_1_162' title='bbox 1210 1811 1405 1877; x_wconf 85' lang='lat' dir='ltr'><strong>domos)</strong></span> 
     </span>
     <span class='ocr_line' id='line_1_24' title="bbox 116 1878 1409 1941; baseline 0.002 -11"><span class='ocrx_word' id='word_1_163' title='bbox 116 1899 289 1930; x_wconf 90' lang='lat' dir='ltr'><strong>nomen</strong></span> <span class='ocrx_word' id='word_1_164' title='bbox 316 1878 623 1941; x_wconf 69' lang='lat' dir='ltr'><strong>inscripsisset,</strong></span> <span class='ocrx_word' id='word_1_165' title='bbox 659 1896 760 1926; x_wconf 91' lang='lat' dir='ltr'><strong>eum</strong></span> <span class='ocrx_word' id='word_1_166' title='bbox 793 1878 834 1926; x_wconf 92' lang='lat' dir='ltr'><strong>se</strong></span> <span class='ocrx_word' id='word_1_167' title='bbox 859 1896 944 1941; x_wconf 85' lang='lat' dir='ltr'><strong>pro</strong></span> <span class='ocrx_word' id='word_1_168' title='bbox 975 1880 1101 1927; x_wconf 87' lang='lat' dir='ltr'><strong>hoste</strong></span> <span class='ocrx_word' id='word_1_169' title='bbox 1133 1881 1409 1934; x_wconf 84' lang='lat' dir='ltr'><strong>habiturum.</strong></span> 
     </span>
     <span class='ocr_line' id='line_1_25' title="bbox 117 1951 1408 2009; baseline 0.002 -8"><span class='ocrx_word' id='word_1_170' title='bbox 117 1953 364 2001; x_wconf 87' lang='lat' dir='ltr'><strong>Concione</strong></span> <span class='ocrx_word' id='word_1_171' title='bbox 385 1952 554 1998; x_wconf 86' lang='lat' dir='ltr'><strong>dimiffa</strong></span> <span class='ocrx_word' id='word_1_172' title='bbox 571 1988 584 2009; x_wconf 90' lang='lat'>‚</span> <span class='ocrx_word' id='word_1_173' title='bbox 612 1970 712 1999; x_wconf 88' lang='lat' dir='ltr'><strong>curn</strong></span> <span class='ocrx_word' id='word_1_174' title='bbox 742 1951 885 1998; x_wconf 81' lang='lat' dir='ltr'><strong>titulis</strong></span> <span class='ocrx_word' id='word_1_175' title='bbox 912 1964 1080 1999; x_wconf 84' lang='lat' dir='ltr'><strong>notatae</strong></span> <span class='ocrx_word' id='word_1_176' title='bbox 1105 1952 1228 2001; x_wconf 83' lang='lat' dir='ltr'><strong>fores</strong></span> <span class='ocrx_word' id='word_1_177' title='bbox 1249 1956 1408 2004; x_wconf 90' lang='lat' dir='ltr'><strong>discri-</strong></span> 
     </span>
     <span class='ocr_line' id='line_1_26' title="bbox 119 2025 1410 2090; baseline 0.002 -16"><span class='ocrx_word' id='word_1_178' title='bbox 119 2043 225 2075; x_wconf 88' lang='lat' dir='ltr'><strong>men</strong></span> <span class='ocrx_word' id='word_1_179' title='bbox 260 2038 427 2088; x_wconf 82' lang='lat' dir='ltr'><strong>pacatae</strong></span> <span class='ocrx_word' id='word_1_180' title='bbox 453 2025 506 2071; x_wconf 89' lang='lat' dir='ltr'><strong>ab</strong></span> <span class='ocrx_word' id='word_1_181' title='bbox 530 2025 680 2072; x_wconf 85' lang='lat' dir='ltr'><strong>hostili</strong></span> <span class='ocrx_word' id='word_1_182' title='bbox 707 2026 847 2072; x_wconf 90' lang='lat' dir='ltr'><strong>domo</strong></span> <span class='ocrx_word' id='word_1_183' title='bbox 873 2025 1250 2090; x_wconf 80' lang='lat' dir='ltr'><strong>feciffent‚s1gno</strong></span> <span class='ocrx_word' id='word_1_184' title='bbox 1273 2029 1410 2088; x_wconf 82' lang='lat' dir='ltr'><strong>dato,</strong></span> 
     </span>
     <span class='ocr_line' id='line_1_27' title="bbox 121 2096 1411 2180; baseline 0.002 -35"><span class='ocrx_word' id='word_1_185' title='bbox 121 2099 179 2145; x_wconf 85' lang='lat' dir='ltr'><strong>ad</strong></span> <span class='ocrx_word' id='word_1_186' title='bbox 198 2097 443 2160; x_wconf 87' lang='lat' dir='ltr'><strong>diripienda</strong></span> <span class='ocrx_word' id='word_1_187' title='bbox 465 2096 656 2159; x_wconf 86' lang='lat' dir='ltr'><strong>hospitia</strong></span> <span class='ocrx_word' id='word_1_188' title='bbox 678 2098 883 2144; x_wconf 82' lang='lat' dir='ltr'><strong>Romana</strong></span> <span class='ocrx_word' id='word_1_189' title='bbox 900 2098 1051 2160; x_wconf 85' lang='lat' dir='ltr'><strong>paffim</strong></span> <span class='ocrx_word' id='word_1_190' title='bbox 1071 2097 1311 2147; x_wconf 85' lang='lat' dir='ltr'><strong>discursum</strong></span> <span class='ocrx_word' id='word_1_191' title='bbox 1332 2101 1411 2180; x_wconf 83' lang='lat' dir='ltr'><strong>est.</strong></span> 
     </span>
     <span class='ocr_line' id='line_1_28' title="bbox 123 2170 810 2233; baseline -0.006 -13"><span class='ocrx_word' id='word_1_192' title='bbox 123 2173 174 2220; x_wconf 89' lang='lat'>&amp;</span> <span class='ocrx_word' id='word_1_193' title='bbox 205 2171 289 2217; x_wconf 88' lang='lat' dir='ltr'><strong>fuit</strong></span> <span class='ocrx_word' id='word_1_194' title='bbox 321 2171 480 2233; x_wconf 85' lang='lat' dir='ltr'><strong>praedae</strong></span> <span class='ocrx_word' id='word_1_195' title='bbox 513 2170 810 2232; x_wconf 89' lang='lat' dir='ltr'><strong>aliquantum.</strong></span> 
     </span>
    </p>

    <p class='ocr_par' dir='ltr' id='par_1_3' title="bbox 124 2241 1412 2382">
     <span class='ocr_line' id='line_1_29' title="bbox 190 2241 1410 2306; baseline 0.002 -17"><span class='ocrx_word' id='word_1_196' title='bbox 190 2244 271 2290; x_wconf 83' lang='lat' dir='ltr'><strong>XI.</strong></span> <span class='ocrx_word' id='word_1_197' title='bbox 309 2241 498 2289; x_wconf 88' lang='lat' dir='ltr'><strong>Postero</strong></span> <span class='ocrx_word' id='word_1_198' title='bbox 528 2242 598 2288; x_wconf 92' lang='lat' dir='ltr'><strong>die</strong></span> <span class='ocrx_word' id='word_1_199' title='bbox 626 2242 681 2288; x_wconf 88' lang='lat' dir='ltr'><strong>ad</strong></span> <span class='ocrx_word' id='word_1_200' title='bbox 709 2242 1062 2306; x_wconf 86' lang='lat' dir='ltr'><strong>oppugnandam</strong></span> <span class='ocrx_word' id='word_1_201' title='bbox 1085 2258 1231 2290; x_wconf 85' lang='lat' dir='ltr'><strong>arcem</strong></span> <span class='ocrx_word' id='word_1_202' title='bbox 1262 2244 1410 2292; x_wconf 86' lang='lat' dir='ltr'><strong>ducit:</strong></span> 
     </span>
     <span class='ocr_line' id='line_1_30' title="bbox 124 2316 1412 2382; baseline 0.001 -18"><span class='ocrx_word' id='word_1_203' title='bbox 124 2334 261 2382; x_wconf 86' lang='lat' dir='ltr'><strong>quam</strong></span> <span class='ocrx_word' id='word_1_204' title='bbox 284 2333 385 2364; x_wconf 88' lang='lat' dir='ltr'><strong>cum</strong></span> <span class='ocrx_word' id='word_1_205' title='bbox 407 2320 457 2366; x_wconf 89' lang='lat'>&amp;</span> <span class='ocrx_word' id='word_1_206' title='bbox 475 2317 612 2376; x_wconf 88' lang='lat' dir='ltr'><strong>mari,</strong></span> <span class='ocrx_word' id='word_1_207' title='bbox 644 2333 738 2381; x_wconf 91' lang='lat' dir='ltr'><strong>quo</strong></span> <span class='ocrx_word' id='word_1_208' title='bbox 759 2317 805 2364; x_wconf 89' lang='lat' dir='ltr'><strong>in</strong></span> <span class='ocrx_word' id='word_1_209' title='bbox 824 2316 1068 2381; x_wconf 82' lang='lat' dir='ltr'><strong>peninsulae</strong></span> <span class='ocrx_word' id='word_1_210' title='bbox 1096 2318 1284 2365; x_wconf 89' lang='lat' dir='ltr'><strong>modum</strong></span> <span class='ocrx_word' id='word_1_211' title='bbox 1309 2335 1412 2382; x_wconf 82' lang='lat' dir='ltr'><strong>pars</strong></span> 
     </span>
    </p>
   </div>
   <div class='ocr_carea' id='block_1_3' title="bbox 126 2391 1416 2527">
    <p class='ocr_par' dir='ltr' id='par_1_4' title="bbox 126 2391 1416 2527">
     <span class='ocr_line' id='line_1_31' title="bbox 126 2391 1416 2457; baseline 0.002 -17"><span class='ocrx_word' id='word_1_212' title='bbox 126 2391 273 2454; x_wconf 84' lang='lat' dir='ltr'><strong>major</strong></span> <span class='ocrx_word' id='word_1_213' title='bbox 310 2391 654 2452; x_wconf 82' lang='lat' dir='ltr'><strong>circumluitur,</strong></span> <span class='ocrx_word' id='word_1_214' title='bbox 688 2391 883 2457; x_wconf 79' lang='lat' dir='ltr'><strong>praealtis</strong></span> <span class='ocrx_word' id='word_1_215' title='bbox 911 2391 1126 2456; x_wconf 85' lang='lat' dir='ltr'><strong>rupibus,</strong></span> <span class='ocrx_word' id='word_1_216' title='bbox 1159 2395 1208 2442; x_wconf 66' lang='grc' dir='ltr'><strong>ὅ(</strong></span> <span class='ocrx_word' id='word_1_217' title='bbox 1237 2393 1292 2441; x_wconf 89' lang='lat' dir='ltr'><strong>ab</strong></span> <span class='ocrx_word' id='word_1_218' title='bbox 1323 2392 1416 2457; x_wconf 74' lang='lat' dir='ltr'><strong>ipsa</strong></span> 
     </span>
     <span class='ocr_line' id='line_1_32' title="bbox 200 2465 1188 2527; baseline 0.001 -14"><span class='ocrx_word' id='word_1_219' title='bbox 200 2468 251 2513; x_wconf 88' lang='lat' dir='ltr'><strong>T.</strong></span> <span class='ocrx_word' id='word_1_220' title='bbox 278 2468 370 2513; x_wconf 77' lang='lat' dir='ltr'><strong>Liv.</strong></span> <span class='ocrx_word' id='word_1_221' title='bbox 403 2470 499 2514; x_wconf 86' lang='lat' dir='ltr'><strong>Vol.</strong></span> <span class='ocrx_word' id='word_1_222' title='bbox 519 2467 602 2514; x_wconf 84' lang='lat' dir='ltr'><strong>IV.</strong></span> <span class='ocrx_word' id='word_1_223' title='bbox 1141 2465 1188 2527; x_wconf 83' lang='lat' dir='ltr'>Q</span> 
     </span>
    </p>
   </div>
  </div>
 </body>
</html>
