1628 2890
289 153 850 200 H15T0R1ARUM
901 143 1026 202 ΜΒ.
1074 156 1244 203 XXII.
1360 175 1417 223 45

130 259 191 306 eis
232 259 374 315 locis,
417 257 448 306 fi
487 259 774 321 insequentes
813 261 1021 310 consules
1059 263 1220 311 eisdem
1256 265 1424 314 artibus

130 333 295 378 bellum
323 345 543 396 gererent.
566 334 685 381 Cum
707 335 761 380 ad
780 336 1038 383 Geronium
1060 336 1146 397 jam
1161 339 1314 386 hieme
1339 341 1426 387 im-

127 406 337 468 pediente
364 405 623 453 constitiffet
641 406 812 453 bellum
826 443 839 464 ,
860 408 1152 471 Neapolitani
1175 412 1303 476 legati
1323 414 1423 461 Ro-

127 497 246 525 mam
292 497 473 527 venere.
519 481 574 526 ab
621 481 674 527 iis
728 481 1022 546 quadraginta
1068 498 1232 548 paterae
1277 505 1423 538 aureae

127 553 276 616 magni
311 553 526 616 ponderis
549 553 596 599 in
631 553 804 601 curiam
833 553 1000 614 illatae,
1031 569 1168 622 atque
1197 560 1256 607 ita
1279 562 1422 610 verba

129 625 240 673 fabia
257 663 270 685 ‚
290 640 339 673 ut
364 627 590 674 dicerent:
612 630 727 673 Scire
735 628 825 689 sese
838 664 851 686 ‚
865 630 1057 675 Romani
1066 637 1217 693 populi
1234 639 1422 683 cerarium

128 701 231 745 bello
266 702 514 746 exhauriri:
542 696 585 744 6*
601 734 615 757 ‚
647 719 739 746 cum
761 701 899 759 juxta
924 722 1007 763 pro
1038 708 1206 753 urbibus
1234 712 1421 772 agrifique

115 772 328 831 sociorum
343 807 358 828 ,
383 790 432 816 ac
452 789 532 832 pro
551 774 684 832 capite
711 789 830 834 atque
851 793 940 821 arce
961 777 1122 835 Italice,
1143 781 1237 824 urbe
1255 783 1421 828 Roma-

128 865 185 890 nu
209 861 328 907 atque
358 847 528 906 imperio
543 850 728 906 geratur,
753 864 911 908 aequum
944 849 1138 912 censuiſje
1169 855 1421 914 Neapolita-

129 938 230 976 nos,
251 923 362 980 quod
377 922 473 964 auri
489 920 581 982 sibi
610 926 801 982 eumad
825 927 1068 984 templorum
1095 944 1313 986 ornatum,
1334 946 1421 976 tum

127 993 189 1035 ad
206 990 441 1055 sulfidium
463 990 659 1048 fortunae,
679 1011 706 1035 a
738 994 973 1050 majoribus
1004 997 1186 1044 relic‘lum
1209 999 1351 1057 foret,
1375 1023 1421 1048 eo

119 1063 273 1119 juvare
306 1068 515 1123 populum
559 1065 820 1112 Romanum.
856 1068 907 1112 Si
938 1087 1062 1130 quam
1099 1090 1214 1132 opem
1249 1075 1295 1118 irz
1329 1077 1421 1136 fies:

127 1138 324 1180 crederent
332 1171 348 1191 ,
383 1137 519 1180 eodem
543 1133 690 1202 stu'dio
715 1138 849 1202 fuzffi
886 1143 1113 1191 oblaturos.
1149 1163 1314 1207 gratum
1330 1149 1420 1213 fibi

131 1211 274 1253 Patres
314 1211 532 1254 Romanos
557 1214 837 1272 populumque
854 1213 1093 1275 faffimcm,
1106 1218 1158 1283 st
1187 1237 1328 1266 omues
1360 1242 1420 1268 res

126 1283 501 1342 Neapolitanorum
521 1283 632 1342 ficas
665 1283 909 1348 duxiffint;
944 1292 1172 1352 dignosque
1190 1294 1421 1351 judicave-

127 1356 209 1399 rint
222 1389 234 1410 ‚
251 1356 303 1398 ab
323 1356 468 1414 quibus
490 1356 645 1400 donum
660 1390 674 1413 ,
695 1361 839 1404 animo
859 1378 908 1406 ac
935 1365 1149 1409 voluntate
1165 1383 1300 1411 eorum
1315 1401 1327 1424 ,
1347 1387 1420 1429 quc

126 1429 294 1472 libentes
331 1428 500 1484 darent,
521 1445 644 1487 quam
670 1448 734 1486 re,
770 1431 913 1489 majus
942 1438 1229 1499 ampliusque,
1257 1444 1419 1502 accipe-

126 1515 223 1546 rent.
260 1498 433 1562 Legatis
459 1499 611 1561 gratiae
640 1502 743 1548 3&ae
763 1521 849 1566 pro
870 1506 1186 1557 munificentia
1207 1528 1418 1577 curaque.

125 1582 300 1634 patera,
319 1586 419 1634 quae
445 1572 659 1634 ponderis
681 1576 859 1626 minimi
887 1579 998 1641 suit,
1021 1597 1220 1648 accepta.

190 1647 403 1693 XXXIII.
434 1647 516 1691 Per
547 1647 728 1697 eosdem
764 1650 857 1700 dies
891 1652 1150 1716 speculator
1178 1659 1418 1726 Carthagi-

125 1718 315 1775 nienfis,
337 1718 415 1782 qui
437 1735 516 1781 per
544 1719 777 1782 biennium
805 1723 1047 1787 fefellerat,
1066 1730 1228 1778 Romae
1256 1733 1417 1796 depre-

125 1789 284 1837 hensus
303 1828 317 1850 ‚
362 1792 646 1857 praecisisque
697 1797 902 1846 manibus
949 1800 1173 1851 dimissus:
1209 1805 1260 1853 &
1297 1805 1416 1853 servi

123 1863 322 1926 quinque
354 1867 404 1911 &
422 1865 587 1929 viginti
615 1866 662 1913 in
686 1886 868 1917 crucem
887 1873 972 1919 affl
989 1910 1004 1933 ,
1025 1877 1151 1939 quod
1181 1876 1230 1924 in
1250 1894 1414 1940 campo

125 1934 293 1980 Martio
331 1935 644 1997 conjurassent.
685 1941 823 1990 indici
863 1944 966 1992 data
1005 1946 1187 1996 libertas
1224 1950 1276 1998 &
1315 1950 1414 1997 aeris

126 2007 276 2071 gravis
296 2009 460 2073 viginti
495 2012 647 2061 millia.
679 2017 835 2080 Legati
862 2019 913 2067 &
943 2021 998 2066 ad
1023 2021 1283 2085 Philippum
1311 2025 1413 2070 Ma-

124 2080 350 2129 cedonum
375 2100 521 2147 regem
549 2086 663 2135 miffi
695 2091 751 2136 ad
771 2090 1105 2154 deposcendum
1126 2096 1415 2144 Demetrium

122 2156 358 2215 Pharium,
388 2160 495 2221 qui,
530 2161 653 2209 bello
695 2164 871 2225 viilus,
905 2167 961 2214 ad
991 2185 1092 2215 eum
1130 2168 1334 2234 fugisset:
1360 2174 1412 2220 &

123 2227 199 2274 alii
227 2228 275 2275 in
308 2232 491 2295 Ligures
526 2233 582 2280 ad
612 2236 990 2300 expostulandum
1009 2277 1023 2299 ‚
1055 2243 1181 2304 quod
1216 2244 1411 2291 Poenum

122 2303 287 2367 opibus
307 2306 569 2371 auxiliisque
588 2308 676 2356 suis
692 2309 904 2372 juviss‘ent
925 2331 937 2360 ε
959 2314 1085 2361 fimul
1105 2317 1159 2362 ad
1176 2317 1413 2367 visendum

122 2391 178 2421 ex
201 2378 492 2442 propinquo,
517 2397 617 2444 quae
637 2382 683 2429 in
704 2384 828 2447 Bojis
847 2398 982 2450 atque
1007 2388 1264 2436 Insubribus
1282 2407 1410 2454 gere-

119 2461 288 2497 rentur.
319 2453 390 2499 Ad
417 2453 603 2503 Pineum
626 2473 812 2524 quoque
832 2476 982 2524 regem
1010 2460 1056 2507 in
1074 2462 1260 2525 Illyrios
1280 2461 1411 2527 legati
