1628 2890
159 140 245 190 152
403 97 1075 167 ‘1²1T1L1v11

153 231 455 297 gratulatione
491 228 640 275 victor
677 226 725 272 in
767 224 906 272 castra
949 223 1077 276 redit.
1129 222 1248 270 Huic
1283 239 1447 288 pugnae

153 303 348 369 equestri
365 318 457 348 rem
483 299 649 364 (quam
671 298 772 344 satis
794 309 988 355 certam,
1008 297 1265 344 communis
1293 297 1446 356 existi-

154 378 295 425 matio
314 372 407 436 est)
428 371 677 418 mirabilem
698 381 841 427 certe,
862 367 1080 430 adjiciunt
1105 368 1286 432 quidam
1305 385 1447 426 anna-‚-

153 452 247 498 les:
278 466 379 495 cum
400 445 696 510 refugientem
725 444 781 490 ad
809 443 968 490 urbem
984 443 1205 489 Tauream
1232 441 1448 489 Claudius

155 522 441 583 sequeretur,
473 517 646 580 patenti
677 515 873 562 hostium
907 528 1054 578 portae
1086 515 1316 563 invectum
1335 551 1349 574 ,
1369 532 1450 578 per

155 596 339 642 alteram
354 629 368 651 ‚
403 589 694 655 stupentibus'
712 586 934 636 miraculo
973 586 1194 646 hostibus,
1232 587 1450 635 intaelu'm

158 667 354 717 evasiffe.

225 738 426 786 XLVIII.
449 735 618 796 Quieta
636 733 741 780 inde
762 730 917 779 stativa
935 730 1086 788 fuere,
1108 747 1159 778 ac
1175 746 1297 777 retro
1317 730 1452 777 etiam

162 811 323 860 consul
355 810 508 856 movit
542 807 708 865 castra,
738 818 790 852 ut
817 804 1060 852 sementem
1090 803 1311 866 Campani
1330 802 1452 850 face-

160 899 292 936 rent:
312 901 397 931 nec
425 894 527 930 ante
558 879 758 935 violavit
787 896 942 943 agrum
975 879 1256 941 Campanum
1274 913 1289 935 ,
1318 893 1454 940 quam

161 957 250 1019 jam
269 956 369 1003 altae
388 956 436 1002 in
456 952 672 1017 segetibus
692 951 840 997 herbae
861 950 1078 1014 pabulum
1104 949 1304 1012 praebere
1320 960 1457 1011 pote-

161 1024 279 1076 rant’.
309 1029 355 1074 id
376 1024 600 1074 convexit
619 1024 666 1070 in
686 1023 933 1070 Claudiana
964 1022 1103 1069 castra
1128 1021 1258 1084 super
1277 1021 1454 1069 Suessu-

163 1104 282 1158 lam3
303 1101 453 1164 ibique
474 1099 657 1145 hiberna
679 1095 930 1144 aedificavit.
954 1098 1017 1142 M.
1039 1096 1229 1143 Claudio
1249 1111 1457 1158 procon-

163 1176 247 1223 suli
267 1172 530 1238 imperavit,
547 1183 596 1217 ut
610 1207 623 1227 ‚
642 1182 818 1216 retento
836 1169 973 1215 Nolae
994 1168 1235 1215 neceffario
1255 1168 1309 1214 ad
1323 1180 1458 1213 tuen-

164 1252 268 1298 dam
306 1250 463 1296 urbem
502 1244 711 1308 praeficlio
727 1279 741 1302 ‚
787 1256 962 1293 ceteros
999 1241 1162 1288 milites
1210 1240 1459 1287 dimitteret

165 1326 390 1380 Romam,
416 1337 471 1366 ne
499 1317 629 1364 oneri
657 1316 818 1373 sociis,
846 1316 896 1362 δὲ
919 1315 1081 1361 sumtui
1101 1313 1361 1376 reipublicae
1389 1311 1460 1358 es-
1514 1361 1517 1363 ,

165 1396 274 1443 sent.
307 1398 363 1441 Et
391 1393 465 1439 Ti.
489 1389 723 1438 Gracchus
760 1406 784 1435 a
808 1387 964 1434 Cumis
991 1387 1224 1434 Luceriam
1256 1387 1304 1433 in
1331 1387 1459 1448 Apu-1

166 1470 271 1517 liam
294 1469 493 1531 legiones
515 1483 616 1513 cum
642 1462 830 1510 cluxiffet
845 1499 858 1521 ,
883 1464 948 1508 Μ.
968 1462 1199 1509 Valerium
1221 1461 1324 1508 inde
1341 1471 1461 1523 prae-⁴

168 1554 316 1590 torem
337 1539 636 1587 Brundusium
652 1573 666 1596 ‚
685 1553 790 1584 cum
810 1551 865 1581 eo
879 1571 893 1593 ‚
914 1551 1046 1597 quem
1066 1535 1268 1581 Luceriae
1288 1533 1462 1583 habile-j

167 1628 266 1673 rat,
284 1612 486 1661 exercitu
513 1611 653 1669 misit„
684 1608 891 1671 tuerique
921 1624 1048 1654 oram
1071 1607 1164 1671 agri
1194 1605 1459 1664 Sallentini,

169 1691 219 1736 &
248 1687 523 1750 providere,
544 1684 671 1746 quod
701 1683 756 1730 ad
783 1680 1040 1743 Philippum
1069 1679 1326 1742 bellumque
1358 1681 1461 1725 Ma-

167 1761 443 1808 cedonicum
465 1758 697 1812 attineret,
722 1754 851 1817 juffit.
883 1754 1019 1800 Exitu
1050 1752 1207 1800 aestatis
1226 1751 1319 1814 ejus
1338 1787 1351 1810 ,
1373 1768 1462 1814 qua

167 1835 266 1881 haec
288 1833 404 1898 gesta
434 1831 762 1895 perscripsimus
779 1866 793 1888 ‚
812 1830 951 1876 literae
973 1846 996 1875 a
1021 1830 1068 1876 P.
1099 1831 1146 1876 ὅ(
1167 1829 1254 1874 Cn.
1279 1827 1463 1891 Scipi&

168 1907 302 1954 nibus
338 1917 595 1961 venerunt,
627 1914 812 1967 quantas
829 1939 853 1961 ,,
880 1918 1102 1965 quamque
1142 1899 1373 1963 prosperas
1411 1899 1461 1947 in

169 1978 384 2042 Hispania
403 1994 470 2024 res
491 1976 707 2041 geffiffent
727 1993 738 2022 z
758 1974 830 2021 sed
850 1974 1085 2038 pecuniam
1105 1973 1151 2019 in
1170 1972 1462 2036 stipendium,

171 2053 553 2114 vestimentaque,
585 2050 634 2096 ὅ(
663 2048 938 2095 frumentum
974 2045 1219 2104 exercitui,
1250 2047 1299 2094 &
1324 2044 1462 2092 sociis

172 2125 408 2171 navalibus
439 2123 593 2170 omnia
616 2122 769 2168 deefl'e.
793 2121 938 2182 Quod
969 2120 1024 2169 ad
1056 2119 1322 2182 stipendium
1356 2117 1463 2166 atti-

172 2211 275 2246 neat
293 2234 305 2255 ‚
331 2199 361 2243 fi
395 2197 596 2244 &erarium
624 2196 759 2259 inops
791 2195 920 2254 effer,
941 2193 982 2240 se
1008 2193 1205 2256 aliquam
1237 2191 1462 2240 rationem

173 2273 392 2328 inituros,
430 2288 524 2334 quo
563 2270 705 2318 modo
741 2271 796 2316 ab
830 2268 1036 2332 Hispanis
1073 2268 1259 2315 sumant.
1315 2280 1465 2315 cetera

174 2345 328 2408 utique
350 2346 403 2391 ab
434 2347 580 2391 Roma
603 2344 820 2390 mittenda
845 2343 928 2389 effe
949 2361 958 2389 :
983 2360 1067 2388 nec
1090 2342 1215 2388 aliter
1237 2352 1312 2387 aut
1332 2358 1464 2387 exer—

175 2418 316 2468 citum
343 2433 416 2467 aut
450 2412 736 2483 provinciam
765 2415 945 2464 retineri
978 2413 1117 2479 posse.
1152 2413 1312 2462 Literis
1343 2413 1462 2468 reci-⁴
