1628 2890
272 106 819 155 Hls'romARUM
865 105 991 152 Lm.
1036 104 1230 152 XXVI.
1306 121 1392 168 351

112 231 202 278 que
238 213 450 261 omnibus
484 213 540 260 ad
577 212 770 272 bellum,
806 212 1011 259 consules
1046 211 1094 259 in
1132 211 1401 275 provincias

113 286 305 350 profeffi
334 285 448 332 sunt.

178 360 418 406 XXXVII.
448 358 609 422 Neque
636 356 758 405 aliud
782 357 922 421 magis
950 368 1125 420 tempus
1153 356 1260 404 belli
1285 356 1399 418 fuit,

113 447 210 494 quo
233 429 622 493 Carthaginienses
642 429 929 492 Romanique
953 429 1118 492 pariter
1137 429 1272 476 variis
1289 430 1399 476 cafi-

114 503 199 550 bus
218 502 436 549 immixtis
466 502 602 566 magis
627 502 675 548 in
698 502 883 565 ancipiti
901 501 974 565 spe
995 520 1046 550 ac
1077 514 1200 549 metu
1217 502 1400 551 fuerint.

113 575 233 622 Nam
262 576 481 622 Romanis
512 577 562 622 ὃς
593 574 640 620 in
664 575 915 638 provinciis
933 611 946 633 ,
976 575 1082 623 hinc
1108 576 1153 621 in
1186 575 1401 638 Hispania

113 647 312 694 adversae
344 665 440 706 res,
472 648 578 695 hinc
601 647 827 711 prosperae
858 648 905 694 in
941 648 1119 707 Sicilia,
1146 649 1315 695 ludium
1350 651 1401 697 &

113 722 316 770 laetitiam
349 723 645 771 miscuerant:
670 723 720 769 &
755 720 802 766 in
836 720 986 779 Italia,
1018 738 1120 768 cum
1151 722 1401 768 Tarentum

114 797 315 844 amissum
344 798 511 845 damno
535 797 586 844 &
613 794 792 851 dolori,
814 805 910 840 tum
944 810 1023 839 arx
1057 810 1162 839 cum
1195 791 1400 855 praesidio

115 882 288 917 retenta
311 884 473 933 praeter
497 869 619 932 spem
641 867 805 931 gaudio
838 866 922 912 fuit
943 884 953 912 :
976 867 1025 912 &
1045 877 1264 911 terrorem
1286 864 1403 910 subi-

115 954 210 989 tum
233 960 542 1007 pavoremque
562 940 685 988 urbis
712 941 873 987 Romae
898 937 1078 985 obseffae
1100 939 1149 984 &
1170 953 1404 1000 oppugna-

115 1025 175 1059 tae
195 1016 354 1076 Capua
371 1014 472 1077 post
494 1012 584 1059 dies
607 1027 779 1074 paucos
804 1020 932 1072 capta
959 1009 1006 1056 in
1027 1008 1227 1055 laetitiam
1248 1008 1404 1054 vertit.

115 1085 442 1133 Transmarinae
458 1101 641 1148 quoque
657 1100 726 1130 res
745 1083 936 1146 quadam
953 1081 1057 1129 vice
1075 1079 1278 1144 pensatae.
1299 1081 1404 1126 Phi-

118 1158 267 1220 lippus
288 1157 427 1203 hostis
456 1168 661 1217 tempore
681 1154 800 1201 haud
826 1153 924 1200 satis
950 1163 1219 1215 opportuno
1239 1150 1404 1208 fastum

116 1228 261 1276 AEtoli
301 1229 417 1274 novi
462 1226 615 1273 adsciti
663 1225 800 1284 socii,
835 1223 1095 1286 Attalusque
1137 1223 1251 1270 Afiae
1289 1240 1406 1282 rex,

116 1300 206 1363 jam
240 1300 367 1347 velut
388 1300 692 1362 despondente
715 1298 899 1345 fortuna
923 1295 1143 1343 Romanis
1166 1295 1404 1358 imperium

116 1374 322 1422 orientis.
357 1372 746 1437 Carthaginienses
777 1387 963 1435 quoque
984 1371 1187 1434 Capuam
1207 1370 1406 1416 amissam

118 1450 170 1496 δι’.
196 1450 441 1496 Tarentum
477 1461 656 1511 captum
683 1446 945 1510 aequabant:
973 1447 1049 1503 &,
1079 1456 1127 1491 ut
1152 1444 1206 1491 ad
1233 1444 1405 1490 moenia

117 1522 242 1570 urbis
278 1524 499 1569 Romanae
533 1521 660 1568 nullo
693 1519 964 1583 prohibente
998 1517 1040 1564 se
1074 1517 1324 1580 pervenisse
1358 1518 1406 1563 in

117 1597 265 1660 gloria
290 1595 546 1659 ponebant,
579 1595 639 1641 ita
674 1594 856 1658 pigebat
889 1591 1001 1638 irriti
1033 1591 1229 1654 incepti3
1263 1592 1407 1654 pude-

117 1671 281 1732 batque
301 1669 415 1715 adeo
441 1667 483 1714 se
511 1668 682 1730 spretos
699 1702 712 1725 ‚
733 1677 780 1712 ut
794 1703 808 1725 ,
829 1664 1081 1712 sedentibus
1109 1664 1210 1727 ipsis
1231 1665 1283 1710 ad
1306 1665 1407 1709 Ro-

117 1759 249 1790 mana
269 1740 438 1788 moenia
452 1777 466 1799 ‚
487 1740 572 1786 alia
595 1752 728 1802 porta
754 1727 980 1785 exercitus
1001 1737 1235 1783 Romanus
1255 1736 1299 1782 in
1324 1735 1405 1781 Hi-

120 1815 316 1878 spaniam
333 1814 581 1861 duceretur.
600 1811 707 1875 Ipsae
724 1826 908 1874 quoque
927 1807 1175 1871 Hispaniae,
1190 1824 1282 1871 quo
1301 1824 1407 1870 pro-

120 1888 221 1952 pius
256 1887 376 1949 spem
409 1898 653 1943 venerant,
683 1884 817 1931 tantis
849 1882 1028 1930 duobus
1056 1880 1246 1927 ducibus
1278 1897 1408 1926 exer-

121 1963 372 2026 citibusque
406 1962 554 2019 caefis,
591 1961 861 2008 debellatum
901 1958 994 2015 ibi,
1025 1973 1076 2004 ac
1113 1955 1264 2018 pulsos
1302 1954 1406 2001 inde

120 2039 359 2085 Romanos
379 2037 488 2091 esse3
514 2053 571 2082 eo
597 2036 721 2098 plus,
752 2035 805 2081 ab
833 2035 883 2079 L.
911 2030 1084 2077 Marcio
1105 2028 1407 2076 tumultuario

121 2112 236 2157 duce
256 2110 311 2156 ad
338 2126 508 2156 vanum
530 2110 578 2155 δε
598 2107 775 2153 irritum
800 2104 1035 2153 vi&oriam
1058 2100 1276 2148 redaflam
1297 2100 1405 2158 effe,

121 2181 441 2245 indignationis
462 2179 734 2243 praebebant.
764 2181 826 2224 Ita
846 2189 1050 2240 aequante
1078 2173 1284 2231 fortuna,
1314 2172 1406 2218 sus-

121 2255 256 2318 pensa
282 2253 434 2301 omnia
458 2253 667 2316 utrinque
696 2263 849 2310 erant,
888 2251 1058 2311 integra
1095 2246 1194 2309 spe,
1224 2246 1403 2310 integro

122 2339 275 2385 metu,
314 2327 440 2376 velut
472 2326 554 2374 ino
598 2337 802 2389 tempore
849 2323 1046 2388 primum
1087 2319 1253 2372 bellum
1290 2317 1406 2372 inci-⁴

122 2411 298 2464 perent-
