1628 2890
277 141 822 192 HISTORIARUM
871 147 995 194 LIB.
1036 148 1211 198 XXV.
1311 167 1403 218 259

117 248 351 310 pervenit,
375 248 452 294 ubi
474 249 724 308 Hannibal,
745 252 1049 317 nequidquam
1070 254 1246 303 secutus
1267 257 1403 305 Clau-

113 320 236 367 dium
260 358 274 376 ‚
303 320 557 369 substiterat.
595 324 726 370 Haud
758 325 891 371 dubia
910 343 980 374 res
1005 327 1095 386 est,
1129 329 1295 394 quippe
1328 331 1403 378 in-

115 404 184 438 ter
212 393 508 441 Hannibalem
531 394 762 443 ducem&
789 398 1131 458 centurionem,
1158 403 1405 451 exercitus-

114 482 232 528 que,
269 464 454 512 alterum
490 466 720 515 vincendo
754 480 1019 517 veteranum
1042 507 1055 530 ‚
1090 472 1279 522 alterum
1314 493 1405 524 no·-

116 553 228 583 vum
256 551 403 584 totum
424 576 438 596 ‚
471 557 632 603 magna
661 556 716 586 ex
744 554 868 603 parte
903 543 1036 610 etiam
1063 547 1406 597 tumultuarium

114 628 168 658 ac
189 611 478 660 semiermem.
513 616 576 661 Ut
607 613 841 677 conspeffiia
868 615 984 663 inter
1011 618 1054 664 se
1079 620 1254 683 agmina
1283 622 1406 683 sunt,

117 685 169 732 &
199 697 356 732 neutra
388 703 487 748 pars
521 687 784 734 den-ecstavit
808 705 1032 752 pugnam,
1064 695 1299 757 extemplo
1331 696 1405 744 in-

115 756 287 804 structae
321 756 450 807 acies.
486 771 729 823 pugnatum
766 775 947 819 tame-n,
984 776 1034 809 ut
1069 766 1116 811 in
1151 768 1271 814 nulla
1308 770 1404 832 pari

113 847 194 890 re,
226 831 331 878 duas
358 833 730 896 ampliushoras,
757 835 985 882 concitata
1019 837 1094 896 ἃς,
1130 840 1278 888 don-:c
1309 843 1404 890 dux

115 902 324 960 stetisset,
349 906 555 952 Romana
584 906 690 952 acie.
722 906 960 970 Postquam
993 908 1058 967 is,
1084 927 1179 957 non
1207 930 1293 975 pro
1324 934 1405 964 ve-

114 989 209 1023 tere
231 971 343 1024 fama
371 977 543 1035 solum,
566 978 639 1025 sed
664 979 799 1025 etiam
829 992 950 1027 metu
982 975 1372 1036 futuristledecoris
1388 1027 1404 1048 ,

113 1046 149 1093 fi
183 1047 258 1095 sua
295 1050 541 1096 temeritate
579 1051 816 1098 contrafihse
855 1052 968 1100 cladi
1007 1053 1274 1117 superesset,
1315 1061 1405 1106 ob-

113 1116 280 1182 jeaans
304 1121 345 1167 se
366 1121 559 1167 hortium
580 1122 708 1180 telis,
740 1122 925 1170 cecidit:
956 1123 1050 1171 fusa
1079 1130 1310 1192 extemplo
1339 1133 1403 1180 est

114 1193 324 1240 Romana
357 1193 488 1241 acies.
528 1193 596 1239 sed
625 1194 738 1241 adeo
763 1211 818 1241 ne
850 1194 966 1259 fugae
1000 1198 1182 1260 quidem
1210 1201 1295 1249 iter
1323 1222 1403 1266 pa-

113 1266 476 1322 tuit,³omnibus
508 1265 593 1313 viis
627 1267 680 1313 ab
711 1267 861 1330 equite
885 1267 1050 1316 inseffis
1070 1307 1085 1327 ,
1116 1284 1166 1318 ut
1191 1290 1247 1319 ex
1277 1287 1402 1325 tanta

115 1339 405 1386 multitudine
430 1339 511 1386 vix
539 1340 660 1386 mille
687 1340 930 1400 evaserint,
958 1344 1094 1390 ceteri
1119 1348 1271 1409 pafiim
1286 1386 1302 1409 ,
1327 1351 1403 1399 alii

114 1414 197 1459 alia
233 1412 378 1475 peste,
402 1412 592 1459 absumti
614 1414 710 1461 fint.

185 1486 293 1532 XX.
332 1487 488 1548 Capua
515 1503 538 1532 a
567 1487 825 1535 consulibus
860 1488 1218 1540 iterumsumma
1246 1497 1295 1543 vi
1316 1498 1402 1544 ob-

113 1557 244 1604 sideri
267 1568 418 1620 coepta
447 1558 533 1614 est3
566 1575 753 1623 quaeque
785 1561 833 1607 in
856 1579 953 1609 eam
985 1581 1079 1611 rem
1103 1583 1218 1629 opus
1248 1585 1400 1630 erant,

115 1631 522 1693 comportabantur
542 1633 912 1698 parabanturque.
936 1637 1179 1686 Casilinum
1201 1641 1400 1692 frumen-

44 1729 48 1732 ·
107 1714 212 1762 ¹tum
231 1703 523 1749 conveehnn:
545 1703 600 1749 ad
616 1704 831 1752 Vulturni
849 1707 1034 1767 ostium,
1056 1710 1134 1757 ubi
1154 1729 1274 1762 nunc
1297 1718 1402 1764 urbs

116 1776 179 1823 est
200 1811 213 1832 ,
246 1774 471 1822 castellum
504 1778 863 1826 communitum:
896 1779 1028 1844 (ante
1063 1784 1223 1832 Fabius
1251 1790 1402 1836 Maxi-

117 1864 216 1895 mus
256 1846 507 1910 munierat)
551 1849 802 1911 praesidium
849 1852 1106 1914 impositum
1132 1892 1145 1915 ‚
1192 1872 1243 1905 ut
1281 1880 1402 1910 mare

118 1920 380 1984 proximum
417 1922 466 1968 δε
502 1920 668 1967 flumen
708 1922 753 1968 in
796 1925 1014 1986 potestate
1056 1929 1206 1977 effent.
1251 1935 1301 1979 In
1350 1952 1401 1982 ea

119 1995 211 2040 duo
244 1991 464 2039 maritima
503 1993 675 2041 castella
714 1995 1019 2057 frumentum,
1052 2003 1179 2063 quod
1214 2020 1268 2050 ex
1296 2007 1402 2054 Sar-

119 2065 240 2113 dinia
268 2081 411 2128 nuper
432 2065 605 2112 missum
633 2082 750 2127 erat,
781 2071 998 2133 quodque
1025 2072 1089 2118 M.
1112 2074 1265 2123 Junius
1288 2096 1403 2141 prae-

120 2156 195 2190 tor
222 2159 277 2188 ex
297 2142 474 2189 Etruria
507 2157 757 2202 coemerat,
782 2146 836 2192 ab
860 2147 986 2193 Ostia
1017 2152 1291 2200 convefitum
1316 2156 1404 2218 est,

119 2229 168 2263 ut
192 2215 410 2262 exercitui
443 2232 520 2277 per
548 2217 738 2263 hiemem
770 2218 902 2279 copia
933 2218 1050 2267 esset.
1083 2222 1293 2272 Ceterum
1331 2227 1403 2274 su-

105 2305 314 2351 peream
339 2288 532 2347 cladem,
555 2306 654 2354 qaae
684 2290 732 2338 in
746 2293 943 2339 *Lucanis
963 2306 1144 2357 accepta
1172 2311 1294 2358 erat,
1318 2318 1403 2348 vo-

122 2363 280 2407 lonum
299 2377 483 2425 quoque
502 2362 722 2410 exercitus
736 2399 749 2421 ‚
765 2364 868 2429 qui,
889 2365 1006 2413 vivo
1027 2369 1240 2418 Graccho
1255 2408 1268 2430 ‚
1290 2373 1404 2420 suma

121 2451 194 2483 ma
223 2432 308 2480 fide
328 2433 543 2498 stipendia
570 2435 765 2496 fecerat,
788 2438 916 2487 velut
941 2441 1249 2491 exaustoratus
1276 2463 1398 2493 mor·

1041 2513 1083 2559 R
1121 2531 1145 2560 2
