1628 2890
292 102 832 178 His‘soRiARUM
878 128 1004 174 ΜΒ.
1050 126 1228 174 xxv.
1327 143 1412 190 291

130 236 310 286 annales
334 235 562 283 Acilianos
588 252 645 281 ex
665 236 835 282 Graeco
863 234 909 282 in
929 233 1136 280 Latinum
1171 233 1422 289 sermonem

130 312 300 358 vertit:
335 321 492 371 captos
525 308 578 353 ad
598 307 719 353 mille
745 306 1031 370 ociingcntos
1061 307 1272 371 triginta:
1303 325 1423 371 prae-

130 381 230 428 dam
258 382 488 443 ingentem
509 391 694 441 partam.
728 378 774 424 in
797 395 846 424 ea
871 377 994 424 fuisse
1025 378 1238 442 clypeum
1261 396 1423 444 argen-

130 467 252 502 teum
285 456 443 515 pondo
481 466 662 499 centum
704 453 885 516 triginta
920 454 1055 510 οξὶο,
1095 471 1198 500 cum
1233 454 1423 518 imagine
1480 481 1483 483 >

130 526 307 574 Barcini
327 525 626 584 Hasdrubalis.
664 524 868 572 Valerius
890 525 1044 572 Antias
1062 542 1150 571 una
1168 525 1305 573 castra
1326 529 1425 573 Ma-

129 599 263 663 gonis
301 612 430 661 capta
471 597 634 656 tradit,
669 597 834 660 septem
873 597 1013 644 millia
1051 599 1160 645 caesa
1195 599 1423 661 hostium:

130 674 276 719 altero
310 672 506 735 proelio,
536 670 776 733 eruptione
807 685 1053 733 pugnatum
1090 690 1194 719 cum
1225 673 1426 720 Hasdru-

131 746 265 793 bale:
300 745 455 792 decem
476 743 613 790 millia
646 743 826 801 occisa,
851 755 1047 806 quatuor
1075 745 1215 790 millia
1247 757 1427 792 trecen-

132 833 207 867 tos
226 819 409 883 triginta
440 828 611 880 captos.
649 815 750 862 Piso
778 817 978 879 quinque
1000 817 1138 863 millia
1160 818 1425 877 hominum,

132 911 236 942 cum
256 896 393 957 Mago
416 892 622 939 cedentes
653 890 833 938 nostros
854 890 988 936 effuse
1009 891 1289 955 sequeretur,
1316 892 1425 940 caesa

131 986 190 1015 ex
228 967 394 1014 infidiis
432 965 597 1012 scribit.
641 964 774 1027 Apud
807 981 967 1011 omnes
1004 981 1216 1027 magnum
1255 982 1426 1012 nomen

91 1068 95 1077 τ
133 1042 301 1089 Marcii
334 1039 460 1087 ducis
490 1038 567 1085 est.
597 1040 645 1086 8<
670 1055 789 1085 verae
816 1037 974 1101 gloriae
1012 1037 1103 1100 ejus
1125 1038 1260 1084 etiam
1287 1039 1425 1086 mira·-

134 1115 237 1162 cula
260 1114 454 1160 addunt:
491 1111 714 1158 flammam
739 1112 781 1158 ei
807 1111 1103 1160 concionanti
1123 1111 1269 1159 ‘fusam
1297 1129 1321 1159 e
1348 1130 1426 1160 ca-

133 1189 250 1258 pite,
276 1188 366 1234 fine
391 1186 526 1248 ipfius
545 1185 694 1242 sensu,
719 1203 821 1232 cum
842 1202 1007 1249 magno
1030 1202 1205 1248 pavore
1227 1186 1427 1234 circum-

135 1258 344 1309 stantium
373 1259 598 1305 militum:
631 1270 1068 1321 monumentumque
1098 1258 1303 1306 vifiloriae
1329 1259 1425 1320 ejus

135 1337 190 1382 de
208 1335 389 1390 Poenis,
409 1332 547 1396 usque
573 1332 627 1377 ad
650 1330 879 1378 incensum
901 1330 1180 1393 Capitolium
1197 1366 1210 1388 ‚
1230 1329 1356 1377 fuiffe
1377 1332 1425 1387 in

137 1409 311 1471 templo
341 1402 834 1470 clypeumJMarcium
861 1404 1159 1470 appellatum,
1185 1421 1289 1451 cum
1316 1405 1426 1451 ima-

137 1485 242 1548 gine
262 1481 562 1530 Hasdrubali&
595 1481 774 1541 Quietae
795 1480 955 1526 deinde
977 1478 1252 1542 aliquamdiu
1271 1478 1318 1525 in
1339 1479 1426 1526 Hi-

139 1556 289 1620 spania
309 1573 377 1603 res
403 1555 555 1615 fuere,
586 1553 812 1618 utrisque>
830 1553 931 1616 post
958 1565 1100 1600 tantas
1127 1565 1332 1615 acceptas
1354 1552 1427 1599 in-

138 1621 288 1677 vicem
330 1628 562 1691 illatasque
606 1628 780 1686 clades,
824 1627 1136 1675 cunelantibus.
1170 1626 1425 1689 periculum

138 1703 320 1750 summae
350 1719 497 1748 rerum
526 1701 681 1747 facere.
1259 1758 1264 1762 ἢ

203 1776 299 1822 XL.
337 1775 463 1821 Dum
481 1774 576 1820 haec
611 1773 656 1820 in
676 1771 883 1834 Hispania
911 1781 1153 1835 geruntur,
1184 1771 1426 1819 Marcellus

140 1848 280 1911 captis
310 1848 534 1907 Syracusis
555 1884 568 1906 ,
607 1865 708 1894 cum
749 1860 896 1894 cetera
931 1845 978 1891 in
1006 1845 1156 1892 Sicilia
1184 1857 1307 1892 tanta
1339 1845 1426 1892 fide

140 1934 272 1983 atque
293 1921 546 1984 integritate
576 1919 920 1982 composuisset,
950 1930 999 1964 ut
1020 1934 1113 1963 non
1139 1918 1281 1965 modo
1305 1918 1428 1964 suam

141 1992 328 2057 gloriam
344 2028 358 2050 ,
387 1992 459 2038 sed
481 1992 611 2038 etiam
631 1991 902 2053 majestatem
928 1990 1091 2054 populi
1109 1990 1327 2049 Romani,
1349 2008 1429 2037 au-

142 2078 292 2129 geret;
322 2076 584 2111 ornamenta
604 2065 754 2122 urbis,
783 2064 925 2127 signa,
954 2062 1237 2124 tabulasque,
1265 2063 1429 2125 quibus

140 2138 428 2185 abundabant
456 2137 715 2202 Syracusae,
755 2138 945 2183 Romam
979 2135 1178 2182 devexit.
1221 2136 1429 2185 Hostium

144 2211 326 2276 quidem
345 2211 419 2257 illa
449 2210 615 2273 spolia,
641 2212 689 2258 &
711 2227 831 2272 parta
862 2208 964 2255 belli
983 2207 1107 2269 jure:
1142 2221 1340 2256 ceterum
1362 2210 1429 2256 in-

143 2285 197 2330 de
217 2285 410 2347 primum
430 2283 607 2330 initium
629 2282 820 2330 mirandi
840 2285 1103 2329 Graecarum
1134 2281 1297 2328 artium
1318 2299 1432 2344 ope-

145 2373 219 2415 ra,
256 2356 539 2420 licentiaeque
573 2355 675 2401 huic
699 2354 817 2403 sacra
844 2353 1121 2417 profanaque
1143 2355 1297 2401 omnia
1325 2356 1431 2399 vul·

145 2445 205 2493 go
234 2428 456 2492 spoliandi
486 2425 650 2476 facium
685 2428 777 2475 est:
809 2446 910 2494 quae
941 2427 1170 2544 postrenIio
1190 2426 1237 2473 in
1257 2428 1430 2474 Roma-

1180 2516 1205 2545 2
