1628 2890
197 137 288 186 312
546 120 1116 169 T1T1LIV11

198 240 255 275 ea
267 225 524 290 tempestate
543 225 750 273 inclitum
771 225 957 274 divitiis.
986 228 1235 291 Capenates
1254 225 1389 291 aliqui
1407 236 1483 274 aci

201 300 318 347 colae
344 299 438 360 ejus
456 311 608 354 erant3
631 298 850 360 primitias
878 297 1062 362 frugum?
1085 316 1142 346 eo
1163 301 1371 362 donaque
1397 299 1482 345 alia

197 387 285 434 pro
324 370 458 433 copia
492 383 722 432 portantes
743 408 756 428 ‚
792 371 939 418 multo
976 389 1087 419 auro
1124 386 1402 437 argentoque
1436 373 1484 419 id

198 457 467 490 exornatum
487 444 721 491 habebant.
759 445 841 492 His
861 444 1070 492 omnibus
1094 445 1225 493 donis
1253 458 1351 492 tum
1377 445 1484 507 spo-

198 517 358 564 liatum
387 519 620 580 templum.
651 514 750 565 aeris
783 516 963 577 acervi,
1003 537 1102 565 cum
1137 520 1293 566 rudera
1324 519 1486 566 milites

203 590 423 654 religione
445 590 614 637 induffi
641 589 861 652 jacerent,
886 593 985 654 post
1005 591 1332 655 profefflonem
1359 594 1486 638 Han-⁴

206 664 368 711 nibalis
388 665 536 728 magni
554 665 744 712 inventi.
774 665 917 726 Hujus
940 667 1175 729 populatio
1199 666 1354 728 templi
1374 664 1491 712 haud

208 738 345 785 dubia
366 737 481 785 inter
500 739 738 802 scriptores
758 739 832 786 est.
867 739 1071 796 Coelius,
1097 740 1289 785 Romam
1310 754 1489 784 euntem

204 811 277 876 ab
295 814 432 858 Ereto
456 811 681 858 divertisse
706 828 762 858 eo
791 811 1087 858 Hannibalem
1103 847 1115 869 ‚
1138 811 1295 858 tradit:
1316 811 1489 873 iterque

211 882 305 944 ejus
325 884 380 930 ab
399 885 559 941 Reate,
582 884 876 946 Cutiliisque,
898 885 946 930 δέ
967 884 1023 930 al>
1043 884 1280 931 Amiterno
1299 884 1488 930 orditur.

213 974 270 1004 ex
302 958 548 1020 Campania
580 958 626 1004 in
653 958 911 1014 Samnium,
937 959 1040 1004 inde
1071 957 1118 1004 in
1143 959 1358 1022 pelignos
1391 974 1491 1019 per·-

215 1032 411 1088 veniffeg
438 1045 686 1095 praeterque
717 1031 934 1094 oppidum
960 1033 1220 1079 Sulmonem
1243 1032 1288 1078 in
1317 1034 1494 1078 Marru-

215 1104 345 1152 cinos
378 1103 594 1159 tranfiffe3
623 1103 726 1149 inde
748 1103 927 1149 Albensi
954 1120 1064 1166 agro
1094 1104 1139 1149 in
1168 1103 1362 1160 Marsos,
1387 1102 1494 1148 hinc

215 1176 528 1233 Amiternum,
555 1174 833 1237 Forulosque
863 1175 1016 1220 vicum
1041 1174 1225 1224 venisse.
1251 1176 1409 1236 Neque
1433 1173 1495 1221 ibi

216 1265 344 1296 error
366 1248 458 1306 est,
480 1247 607 1311 quod
637 1247 750 1294 tanti
783 1248 1007 1295 exercitus
1040 1247 1223 1311 vestigia
1255 1247 1371 1294 intra
1404 1259 1495 1293 tam

215 1322 370 1369 brevis
388 1321 474 1367 aevi
493 1319 755 1366 memoriam
773 1320 1003 1382 potuerint
1022 1320 1256 1367 confundi.
1280 1319 1354 1366 iffe
1375 1319 1495 1366 enim

216 1412 269 1442 ea
290 1394 477 1442 constat.
496 1396 694 1441 Tantum
714 1393 760 1439 id
781 1392 981 1451 interest,
1003 1393 1240 1440 veneritne
1260 1409 1317 1439 eo
1337 1392 1496 1439 itinere
1547 1423 1557 1427 --

217 1469 274 1516 ad
292 1468 447 1514 urbem
463 1503 476 1525 ‚
496 1484 550 1514 an
572 1466 627 1513 ab
650 1466 761 1513 urbe
785 1465 831 1512 in
853 1467 1145 1530 Campaniam
1172 1465 1368 1513 redierit.

280 1544 379 1590 XII.
409 1543 622 1588 Ceterum
652 1555 749 1586 non
779 1552 996 1604 quantum
1023 1539 1278 1603 pertinaciae
1311 1538 1366 1584 ad
1395 1554 1499 1600 pre-

215 1615 423 1663 mendam
453 1613 687 1660 obfidione
717 1614 919 1675 Capuam
948 1613 1164 1660 Romanis
1188 1612 1300 1668 fuit,
1321 1622 1498 1657 tantum

216 1689 273 1736 ad
302 1685 622 1734 defendendam
653 1684 908 1732 Hannibali.
944 1701 1135 1748 namque
1159 1701 1214 1730 ex
1237 1683 1426 1730 Lucanis
1452 1681 1501 1728 in

216 1760 445 1810 Bruttium
473 1777 660 1823 agrum,
687 1759 744 1806 ad
771 1759 932 1806 fretum
962 1776 1073 1808 vero
1108 1776 1159 1806 ac
1190 1758 1410 1821 Rhegium
1440 1773 1497 1802 eo

217 1834 349 1883 cursu
369 1834 690 1892 contendit,ut
709 1849 852 1896 prope
871 1833 1109 1895 repentino
1127 1833 1324 1880 adventu
1341 1830 1501 1877 incau-

217 1920 291 1955 tos
325 1907 600 1971 oppresserit.
642 1908 799 1969 Capua
834 1906 911 1952 etfi
947 1905 1094 1952 nihilo
1129 1905 1299 1968 segnius
1333 1902 1500 1950 obsessa

217 1996 297 2042 per
315 1995 393 2026 eos
414 1979 504 2024 dies
523 1977 667 2024 fuerat
685 2013 699 2036 ‚
728 1989 875 2024 tamen
897 1977 1144 2023 adventum
1173 1975 1318 2023 Flacci
1342 1974 1469 2020 sensit
1488 1993 1498 2020 z

217 2055 269 2101 &
289 2052 524 2099 admiratio
553 2062 654 2098 orta
678 2048 765 2109 est,
792 2066 889 2096 non
918 2049 1043 2095 sunul
1066 2049 1299 2112 regressum
1326 2047 1501 2094 Hanni-

182 2113 189 2121 ⁷
217 2127 376 2173 halem.
405 2127 510 2173 Inde
532 2143 611 2190 per
639 2124 869 2188 colloquia
894 2125 1237 2181 intellexerunt,
1260 2121 1438 2168 reliclos
1460 2120 1501 2167 se

216 2200 526 2262 desertosque,
547 2202 596 2248 δε
617 2199 738 2261 spem
757 2201 925 2260 Capuae
952 2197 1195 2243 retinendae
1224 2193 1501 2257 deploratam

218 2273 337 2334 apud
367 2272 536 2318 Poenos
557 2272 655 2318 effe.
688 2271 880 2318 Acceffit
911 2271 1100 2316 edietum
1134 2266 1416 2330 proconsulis
1445 2283 1500 2312 ex

217 2343 601 2391 senatusconsulto
624 2343 902 2405 propofitum
917 2378 930 2398 ,
949 2342 1267 2404 vulgatumque
1285 2339 1401 2401 ap‘ud
1420 2339 1503 2383 ho-

217 2416 299 2464 stes
321 2434 332 2464 :
353 2433 426 2478 ut,
445 2419 514 2478 qui
540 2419 642 2477 civis
665 2419 904 2478 Campanus
919 2431 1015 2461 ante
1035 2430 1182 2461 certam
1205 2415 1309 2459 diem
1331 2411 1502 2475 tranfif·
