1628 2890
277 137 818 184 HISTORIARUM
864 136 992 183 LIB.
1037 136 1203 183 XXV.
1299 135 1385 199 285

107 243 182 292 tiae
210 255 325 291 artes
355 243 536 298 edoctus
567 242 722 290 fuerat.
753 242 868 301 Hic,
897 244 946 290 δε
979 259 1034 290 ex
1062 241 1165 307 fuga
1195 241 1393 290 colleffls

106 316 323 363 militibus
337 349 351 373 ,
369 316 418 362 ὅ(
437 315 701 378 quibusdam
725 315 778 361 de
802 314 1014 377 praesidiis
1039 314 1232 362 deduffis
1246 351 1260 374 ,
1278 314 1394 361 haud

108 387 493 435 contemnendum
511 386 754 434 exercitum
774 386 937 433 fecerat
950 423 963 445 ,
977 387 1273 452 junxeratque
1289 404 1393 434 cum

109 463 166 510 T.
188 460 382 523 Fontejo
399 463 445 509 P.
468 452 691 525 Scipionis
710 461 872 525 legato.
896 463 981 508 Sed
999 473 1172 508 tantum
1194 461 1407 524 praestitit·

110 551 245 598 eques
273 535 504 581 Romanus
531 534 793 581 auctoritate
823 534 940 581 inter
968 534 1130 581 milites
1155 530 1286 598 atque
1305 535 1396 581 ho—

110 625 254 668 nore,
287 621 364 669 ut,
397 608 545 657 castris
576 609 687 656 citra
720 609 895 656 Iberum
936 609 1258 667 communitis,
1294 626 1397 657 cum

111 681 272 728 ducem
302 680 583 729 exercituum
616 680 813 728 comitiis
840 680 1104 728 militaribus
1136 680 1277 728 creari
1297 682 1396 744 pla·-

112 756 292 816 cuisset,
314 756 550 804 subeuntes
569 755 644 802 alii
663 755 758 803 aliis
776 755 823 802 in
846 755 1093 803 custodiam
1112 755 1220 805 valli
1241 755 1398 803 statio.-

115 829 308 893 nesque,
341 831 490 878 donec
521 847 600 893 per
635 845 792 877 omnes
825 827 1096 892 suffragium'
1116 828 1233 885 iret,
1262 830 1316 876 ad
1347 831 1397 876 L.

113 903 338 950 Marcium
358 902 505 951 cunffl
525 902 737 950 summam
766 901 944 964 imperii
963 901 1215 952 detulerint,
1245 904 1399 949 Omne

94 972 222 1020 'inde
253 987 429 1038 tempus
463 974 711 1040 (exiguum
740 974 787 1020 id
822 972 935 1037 fuit)
967 974 1221 1021 muniendis
1253 975 1400 1021 castris

115 1047 511 1111 convehendisque
531 1045 858 1094 commeatibus
877 1044 1169 1093 consumtum
1189 1064 1199 1092 ε
1220 1046 1269 1092 &
1297 1062 1399 1091 om»

116 1120 190 1169 nia
218 1120 405 1185 imperia
435 1120 626 1180 milites,
657 1136 759 1168 cum
793 1118 1011 1182 impigre,
1045 1131 1141 1165 tum
1174 1119 1402 1182 haudqua-

118 1209 254 1257 quam
271 1192 443 1255 abje&o
461 1192 614 1239 animo
627 1228 641 1249 ,
661 1190 1030 1256 exsequebantur.
1050 1192 1264 1239 Ceterum
1283 1192 1403 1255 post-

119 1282 256 1328 quam
284 1264 607 1312 Hasdrubalem
641 1263 884 1327 Gisgonis,
917 1262 1177 1310 venientem
1211 1264 1266 1311 ad
1299 1264 1405 1311 reli-

119 1337 246 1400 quias
264 1337 371 1385 belli
389 1337 596 1385 delendas
613 1374 626 1396 ,
645 1336 839 1384 transisse
863 1336 1036 1384 Iberum
1054 1372 1068 1394 ‚
1086 1337 1137 1383 &
1157 1337 1402 1399 appropin«

119 1425 258 1472 quare
291 1410 472 1458 allatum
511 1408 598 1468 est,
629 1409 892 1473 signumque
926 1425 1088 1472 pugnae
1121 1408 1404 1471 propositum

123 1481 180 1528 ab
213 1498 345 1530 novo
386 1483 498 1530 duce
534 1482 698 1530 milites
737 1483 973 1540 viderunt,
1006 1479 1256 1538 recordati,
1290 1499 1406 1546 quos

122 1554 265 1616 paulo
298 1569 399 1603 ante
435 1556 728 1619 imperatores
762 1555 1037 1613 habuissent,
1070 1554 1322 1618 quibusque
1357 1556 1408 1601 ἅτ

124 1623 316 1677 ducibus
342 1631 391 1678 δε
411 1631 555 1694 copiis
576 1629 678 1677 freti
704 1630 886 1693 prodire
905 1630 960 1675 ad
989 1645 1184 1691 pugnam
1202 1627 1320 1674 soliti
1341 1627 1408 1673 es-

127 1700 250 1760 sent,
271 1701 377 1749 flere
410 1720 568 1750 omnes
604 1715 789 1766 repente
826 1704 876 1749 &
907 1699 1125 1768 offensare
1156 1701 1329 1763 capita:
1362 1704 1411 1747 &c

129 1773 205 1821 alii
239 1791 394 1838 manus
432 1775 487 1822 ad
515 1775 682 1824 coelum
724 1774 926 1831 tendere,
959 1773 1089 1820 Deos
1122 1772 1369 1819 incusantes
1399 1790 1411 1817 :-

130 1845 235 1904 alii,
264 1845 384 1894 strati
413 1846 565 1904 humi,
587 1845 714 1892 suum
734 1844 924 1908 quisque
953 1844 1219 1890 nominatim
1251 1846 1412 1890 ducem

130 1918 386 1981 implorare.
429 1924 574 1981 neque
596 1916 745 1964 sedari
772 1916 1032 1964 lamentatio
1056 1926 1260 1978 poterat,
1286 1916 1411 1962 exci—

131 1991 332 2037 tantibus
363 1990 706 2037 centurionibus
734 1988 1055 2051 manipulares,
1084 1988 1135 2033 &
1165 1986 1263 2049 ipso
1293 1988 1411 2034 mul·-

134 2074 266 2110 cente
303 2065 354 2111 &
383 2063 640 2125 increpante
678 2061 881 2118 Marcio,
915 2062 1018 2121 quid
1048 2060 1094 2104 ifz
1129 2058 1414 2107 malichum&

135 2139 304 2184 inutiles
312 2138 364 2198 fi
385 2136 785 2201 projeciffefzcflecus
805 2137 951 2196 potius
964 2169 977 2192 ,
997 2153 1119 2195 quam
1139 2136 1199 2180 ad
1216 2138 1416 2197 tutandos

121 2212 258 2274 fimet
276 2211 387 2272 ipsos
415 2209 456 2257 ὃ*
476 2212 762 2271 rempublicam
782 2209 923 2270 ficum
944 2223 1130 2253 acuerent
1156 2210 1322 2254 animos
1338 2245 1352 2265 ,
1370 2206 1416 2256 G*

138 2304 187 2331 ne
210 2288 366 2331 inultos
383 2287 640 2345 imperatores
646 2284 755 2344 ficos
761 2283 898 2340 J'acere
905 2282 1117 2348 fluerent?
1136 2281 1253 2327 Cum
1272 2279 1419 2327 subito

139 2354 311 2403 clamor
331 2354 622 2417 tubarumque
651 2352 785 2402 sonus
806 2352 928 2418 (jam
947 2352 1066 2399 enim
1089 2368 1231 2415 prope
1251 2351 1419 2399 vallum

139 2424 290 2477 hostes
326 2426 481 2493 erant)
517 2425 767 2480 exauditur.
810 2425 945 2484 inde,
982 2423 1114 2475 verso
1149 2434 1332 2488 repente
1372 2422 1420 2470 in
