1628 2890
136 133 225 180 134
493 113 1052 161 T1T1L1vlr

129 222 275 272 visum
307 222 398 279 est,
427 219 637 282 captivos
661 219 942 282 comitesque
964 236 1123 268 eorum
1154 222 1348 268 Romam
1369 223 1425 269 ad

131 296 331 343 senatum
350 329 365 352 ,
384 305 459 339 aut
479 292 534 338 ad
559 291 767 340 consules
781 328 794 350 ,
813 291 1072 356 ubicunque
1101 294 1237 340 effent
1251 330 1265 351 ‚
1289 310 1425 357 quam

131 370 327 435 primum
356 368 612 430 deportare.
648 367 703 413 ad
730 366 777 413 id
796 365 1040 414 celerrimae
1059 366 1257 430 quinque
1284 384 1426 414 naves

132 441 313 487 deleElae
330 476 343 498 ,
366 457 417 488 ac
442 443 491 488 L.
521 440 726 488 Valerius
756 439 939 497 Antias,
960 438 1039 502 qui
1060 440 1257 501 praeesset
1272 475 1286 498 ‚
1320 439 1425 486 mis-

131 515 231 563 sus:
262 515 394 578 eique
427 514 716 570 mandatum,
743 525 792 560 ut
818 513 865 559 in
891 528 1049 559 omnes
1082 529 1222 560 naves
1254 513 1425 576 legatos

133 588 368 651 separatim
404 587 726 635 custodiendos
768 586 1022 643 divideret,
1065 585 1277 649 daretque
1310 597 1427 649 ope-'

132 679 259 720 ram,
287 678 345 708 ne
376 662 503 725 quod
533 660 586 708 iis
618 660 907 719 colloquium
935 659 1051 705 inter
1080 658 1152 718 se,
1184 675 1301 706 neve
1323 676 1426 721 quae

133 733 495 781 communicatio
528 733 703 782 confilii
725 732 842 779 effet.
873 733 956 777 Per
987 731 1108 777 idem
1127 742 1303 793 tempus
1326 732 1425 789 Ro·-

135 823 220 852 mae
243 823 346 853 cum
364 807 418 853 A.
447 805 692 852 Cornelius
714 803 961 851 Mammula
976 839 990 859 ,
1021 820 1077 849 ex
1097 803 1297 849 Sardinia
1316 819 1426 865 pro=

135 879 292 927 vincia
324 879 571 939 decedens,
590 878 829 935 retulisset,
849 877 927 941 qui
951 876 1085 923 status
1115 893 1264 923 rerum
1284 876 1330 922 in
1358 875 1429 922 in-

136 951 231 999 sula
257 952 387 1011 effet,
414 952 582 1000 bellum
615 970 667 999 ac
695 951 993 997 desectionem
1016 967 1175 997 omnes
1205 950 1428 1013 specstare3

137 1026 199 1085 Q.
236 1025 478 1084 Mucium,
514 1025 594 1088 qui
631 1024 890 1072 succeffiffet
923 1023 1030 1079 fibi,
1066 1023 1282 1088 gravitate
1319 1022 1430 1069 coeli

137 1114 448 1161 aquarumque
482 1097 800 1145 advenientem
829 1112 1098 1159 exceptum,
1130 1112 1226 1142 non
1257 1107 1346 1142 tam
1381 1095 1429 1141 in

135 1169 438 1232 periculosum
452 1207 467 1229 ‚
490 1187 623 1233 quam
645 1171 834 1235 longum
850 1206 864 1228 ,
894 1170 1106 1217 morbum
1125 1168 1396 1233 implicitum
1413 1203 1432 1227 ‚

138 1245 217 1290 diu
237 1244 292 1290 ad
311 1244 418 1291 belli
440 1244 537 1292 vim
558 1244 856 1292 sustinendam
876 1244 1084 1290 inutilem
1104 1242 1234 1300 fore3
1254 1242 1430 1290 exerci-

137 1330 328 1381 tumque
353 1318 416 1364 ibi
444 1330 493 1365 ut
513 1318 612 1367 satis
638 1318 817 1366 firmum
840 1330 1009 1382 pacatae
1028 1317 1283 1381 provinciae
1310 1334 1430 1380 prae-

137 1389 251 1436 fidio
283 1390 395 1449 effe,
416 1390 479 1437 ita
507 1408 665 1453 parum
689 1392 837 1449 bello,
857 1391 984 1454 quod
1013 1402 1191 1438 motum
1220 1390 1276 1437 iri
1298 1390 1431 1437 vide-

137 1475 294 1510 retur:
317 1463 616 1511 decreverunt
650 1466 823 1522 Patres,
849 1474 899 1509 ut
931 1464 993 1522 Q.
1025 1462 1213 1510 Fulvius
1246 1462 1432 1511 Flaccus

137 1537 343 1601 quinque
358 1538 497 1585 millia
516 1539 741 1602 peditum,
757 1538 1110 1603 quadringentos
1129 1539 1300 1602 equites
1323 1539 1432 1586 seri-2

137 1610 265 1657 beret
280 1648 294 1669 ‚
316 1629 501 1676 eamque
530 1614 757 1678 legionem
778 1613 927 1676 primo
952 1629 1135 1677 quoque
1154 1624 1359 1676 tempore
1383 1613 1431 1659 in

138 1684 386 1732 Sardiniam
421 1687 727 1749 trajiciendam
761 1698 964 1743 curaret,
998 1686 1287 1749 mitteretque
1323 1703 1430 1749 cum

137 1754 358 1818 imperio,
394 1776 527 1822 quem
562 1760 642 1823 ipsi
685 1759 943 1816 videretur,
975 1758 1052 1822 qui
1092 1775 1185 1805 rem
1226 1770 1433 1821 gereret,

139 1831 295 1892 quoad
323 1833 502 1880 Mucius
524 1834 839 1881 convaluisset.
875 1834 945 1879 Ad
967 1850 1063 1879 eam
1084 1849 1176 1878 rem
1201 1831 1350 1878 missus
1371 1832 1434 1879 est

140 1903 198 1951 T.
227 1905 426 1953 Manlius
458 1906 751 1970 Torquatus,
786 1906 867 1970 qui
901 1905 968 1953 bis
995 1904 1151 1952 consul
1184 1905 1432 1969 censorque

142 1975 311 2037 fuerat,
330 1977 650 2043 subegeratque
668 1981 713 2026 in
737 1979 968 2027 consulatu
993 1978 1169 2025 Sardos.
1201 1978 1292 2024 Sub
1312 1978 1432 2025 idem

142 2048 235 2096 fere
266 2062 441 2115 tempus
472 2053 523 2100 &
557 2070 582 2098 a
614 2052 890 2116 Carthagine
926 2052 973 2097 in
1006 2050 1253 2099 Sardiniam
1290 2050 1432 2097 claflis

141 2123 289 2181 missa,
309 2124 419 2172 duce
444 2120 718 2172 Hasdrubale
732 2160 746 2181 ,
768 2125 841 2172 cui
862 2124 1014 2171 Calvo
1035 2139 1294 2186 cognomen
1317 2135 1431 2181 erat,

140 2193 263 2242 foeda
292 2196 548 2260 tempestate
570 2208 760 2255 vexata,
782 2197 837 2243 ad
859 2196 1050 2243 Baliares
1079 2195 1242 2241 insulas
1271 2194 1430 2256 dejici-

139 2279 211 2313 tur
232 2288 242 2314 :
263 2269 414 2333 ibique
438 2270 574 2334 (adeo
594 2286 691 2316 non
712 2281 985 2315 armamenta
1006 2270 1148 2315 modo
1165 2305 1178 2327 ,
1203 2268 1277 2314 sed
1294 2268 1429 2314 etiam

140 2340 482 2390 alveivnavium
513 2343 700 2407 quassati
723 2341 875 2405 erant)
903 2341 1123 2389 subduRae
1154 2358 1291 2389 naves
1323 2343 1429 2390 dum

139 2411 401 2465 reficiuntur
414 2451 429 2476 ,
450 2415 729 2481 aliquantum
756 2415 974 2479 temporis
994 2416 1234 2465 triverunt.

1619 2327 1625 2460 l

1619 2494 1625 2659 l

1621 2681 1625 2733 ἕ

1621 2771 1625 2815 ἢ
