1628 2890
264 136 809 183 HISTORtARUM
845 135 972 182 [ΑΒ.
1008 135 1219 183 Xxvu.
1287 153 1376 195 441

106 246 182 294 bat
218 246 402 310 ingenia.
442 244 658 292 Invifitati
696 261 889 306 namque
926 256 1054 291 antea
1089 242 1384 308 alienigenis,

107 336 190 366 nec
211 319 362 366 videre
394 318 474 381 ipsi
495 320 713 364 advenam
744 318 790 363 in
812 317 884 364 sua
911 330 1023 364 terra
1052 318 1227 376 assueti,
1256 317 1384 364 omni

108 392 258 454 generi
277 392 471 437 humano
497 390 781 437 insociabiles
809 402 947 438 erant.
978 394 1028 439 δε
1047 391 1193 453 primo
1215 390 1383 453 ignari,

106 481 203 527 quo
230 466 396 511 Poenus
427 479 659 526 pergeret,
696 462 788 508 suas
821 480 950 525 rupes
986 461 1384 527 suaquebcastellQ

109 539 159 584 δέ
178 553 394 598 pecorum
413 535 743 597 hominumque
761 536 952 596 praedam
973 535 1062 598 peti
1082 536 1385 583 crediderant:

108 608 225 656 fama
259 608 418 655 deinde
452 607 608 654 Punici
643 606 783 665 belli,
820 624 914 669 quo
948 608 1267 656 duodecimum
1302 625 1386 653 an-

110 699 220 728 num
240 681 362 728 Italia
379 680 612 738 urebatur,
634 678 732 726 satis
763 680 1031 738 edocuerat,
1064 681 1184 727 viam
1214 693 1386 727 tantum

110 755 246 817 Alpes
271 752 383 799 effe:
419 752 524 799 duas
553 751 816 814 praevalidas
836 753 992 811 urbes,
1023 770 1186 815 magno
1207 752 1321 799 inter
1333 753 1386 799 *se

112 827 244 873 muris
274 837 578 887 terrarumque
608 823 749 886 spatio
782 824 1020 881 discretas,
1054 826 1106 872 de
1125 826 1314 888 imperio
1338 828 1388 873 Sc

112 900 276 961 opibus
316 909 498 945 certare.
533 896 602 943 hoe
634 896 774 943 causae
815 910 1081 960 aperuerant
1106 899 1240 961 Alpes
1275 898 1386 945 Has-

112 972 296 1019 drubali.
324 974 535 1019 Ceterum
555 971 680 1032 quod
700 971 924 1017 celeritate
944 971 1114 1019 itineris
1135 972 1387 1031 profeGum

113 1061 232 1101 erat,
258 1045 303 1090 id
329 1060 455 1091 mora
481 1043 536 1090 ad
561 1043 860 1101 Placentiam,
891 1044 996 1090 dum
1029 1043 1185 1092 frustra
1215 1045 1388 1092 oblidet

111 1118 250 1181 magis
268 1153 280 1175 ,
309 1134 443 1180 quam
463 1128 720 1179 oppugnat,
739 1119 955 1180 corrupit.
984 1118 1245 1166 Crediderat
1264 1137 1388 1167 cam-

111 1192 266 1255 pestris
295 1192 453 1254 oppidi
479 1190 653 1238 facilem
687 1192 1067 1256 expugnationem
1095 1194 1200 1240 effe:
1232 1196 1281 1242 &
1302 1210 1389 1240 no-

111 1266 260 1312 bilitas
283 1264 474 1311 coloniae
509 1264 747 1312 induxerat
785 1282 916 1324 eum,
952 1283 1164 1329 magnum
1199 1265 1240 1312 se
1266 1266 1391 1312 exci-

114 1340 191 1387 dio
226 1338 320 1400 ejus
346 1338 465 1385 urbis
492 1352 711 1385 terrorem
751 1339 907 1387 ceteris
935 1353 1079 1386 ratum
1110 1338 1391 1401 injeElurum,

114 1414 224 1459 Non
243 1412 384 1474 ipsum
413 1411 557 1459 solum
574 1428 624 1458 ea
643 1413 918 1477 oppugnatio
937 1413 1161 1476 impediit;
1183 1412 1254 1459 sed
1268 1414 1391 1459 Han-

113 1486 308 1533 nibalem
341 1484 441 1547 post
475 1483 640 1531 famam
671 1486 875 1533 transitus
898 1486 1019 1547 ejus,
1052 1498 1176 1532 tanto
1211 1486 1284 1548 spe
1316 1484 1390 1532 sua

115 1557 379 1605 celeriorem
397 1592 410 1614 ‚
435 1555 523 1617 jam
544 1572 807 1604 moventem
827 1574 881 1604 ex
902 1557 1096 1604 hibernis
1113 1593 1126 1615 ,
1147 1557 1389 1604 continue-

115 1642 183 1677 rat
212 1647 223 1675 ε
255 1630 423 1693 quippe
460 1635 891 1692 reputantem‚'non
924 1631 1066 1678 solum
1104 1647 1235 1694 quam
1272 1630 1397 1682 lenta,

116 1703 292 1751 urbium
315 1703 596 1767 oppugnatio
623 1705 725 1752 effet
743 1741 756 1763 ‚
783 1705 856 1752 sed
873 1705 1006 1752 etiam
1025 1721 1156 1767 quam
1187 1702 1275 1765 ipse
1299 1701 1390 1748 fru-

116 1777 201 1824 stra
229 1779 416 1826 eandem
451 1777 570 1824 illam
591 1778 819 1826 coloniam
834 1816 851 1837 ‚
883 1779 938 1826 ab
953 1777 1119 1826 Trebia
1140 1777 1286 1825 vietor
1318 1792 1392 1821 re-

115 1851 278 1915 greffus
294 1886 307 1909 ‚
341 1851 558 1898 tentasset.

180 1926 276 1972 XL.
310 1924 529 1971 Consules
546 1960 559 1983 ‚
582 1923 764 1972 diversis
783 1921 1015 1970 itineribus
1033 1921 1220 1985 profeffi
1241 1921 1295 1969 ab
1313 1937 1391 1967 ur·-

117 1996 196 2053 be,
215 1995 404 2044 velutin
425 1996 515 2042 (luo
534 1995 697 2058 pariter
717 1995 831 2042 bella
848 1994 1143 2043 distenderant
1161 2010 1284 2041 curas
1305 1993 1394 2040 ho-

116 2071 319 2129 minum,
348 2070 472 2116 fimul
496 2069 828 2118 recordantium
845 2105 858 2126 ,
889 2085 997 2132 quas
1023 2067 1189 2131 primus
1216 2068 1391 2114 adven-

118 2162 188 2194 tus
220 2144 480 2192 Hannibalis
510 2143 723 2191 intulisset
748 2143 882 2188 Italiae
904 2142 1076 2195 clades;
1111 2140 1264 2199 simul,
1286 2157 1389 2188 cum

118 2218 194 2264 illa
225 2228 407 2280 angeret
438 2233 571 2273 cura,
598 2233 700 2277 quos
720 2231 806 2260 tam
830 2217 1034 2276 propitios
1052 2216 1143 2259 urbi
1166 2230 1284 2275 atque
1311 2216 1391 2259 im-

110 2294 229 2353 perio
243 2290 340 2348 fore
359 2292 481 2335 Deos
495 2325 508 2346 ‚
532 2304 579 2335 ut
608 2293 744 2334 eodem
768 2304 940 2348 tempore
963 2289 1171 2347 utrobique
1199 2287 1392 2346 resjmlvli-

123 2382 170 2407 ca
184 2362 372 2422 prospere
401 2363 623 2422 gereretur?
646 2362 784 2405 adlzuc
801 2360 972 2420 adverset
992 2359 1191 2418 secundis
1204 2358 1392 2417 pensan-

121 2438 175 2483 do
201 2453 279 2483 rem
302 2437 427 2483 adid
449 2450 607 2497 tempus
632 2434 854 2483 excrac‘lam
874 2429 958 2497 effe.
990 2449 1079 2478 cum
1109 2434 1155 2477 in
1186 2432 1314 2476 ltalia
1335 2432 1395 2474 aci
