1628 2890
213 133 305 196 318
573 127 1136 186 T1T1L1v11

206 258 298 305 que
331 240 387 287 ad
423 236 667 301 quaestores
702 233 903 292 deferre,
940 232 1066 296 qnod
1103 230 1200 279 auri
1234 229 1495 294 argentique

208 314 440 361 haberent.
472 308 567 355 auri
594 306 752 372 pondo
777 305 1049 369 septuaginta
1072 302 1179 363 fuit,
1209 302 1380 368 argenti
1411 301 1498 350 tria

210 385 351 436 millia
382 382 541 446 pondo
568 383 618 429 &
637 381 842 428 ducenta.
874 378 1098 426 senatores
1122 377 1325 441 quinque
1345 377 1396 423 &
1422 375 1498 422 vi-

210 456 329 523 ginti
369 454 578 507 Calessin
621 452 890 511 custodiam,
924 448 1258 512 duodetriginta
1295 450 1498 496 Teanum

210 531 356 579 miffi:
394 546 588 593 quorum
628 527 682 573 de
715 524 931 572 sententia
960 522 1156 571 maxime
1195 521 1408 571 descitum
1441 520 1498 568 ab

207 601 433 657 Romanis
464 598 709 648 constabat.

281 676 385 722 XV.
425 675 501 721 De
540 670 764 735 supplicio
798 668 1016 732 Campani
1053 667 1228 715 senatus
1264 667 1499 732 haudqua-

211 766 348 812 quam
387 747 504 793 inter
546 744 760 792 Fulvium
800 742 1137 805 Claudiumque
1180 740 1500 788 conveniebat.

215 820 374 868 Facilis
401 818 693 882 impetrandae
722 815 868 863 veniae
893 814 1108 861 Claudius
1124 851 1139 871 ‚
1162 813 1324 861 Fulvio
1346 812 1502 858 durior

215 893 431 941 sententia
462 903 570 938 erat.
605 893 758 954 Itaque
794 888 966 951 Appius
997 889 1190 934 Romam
1220 887 1275 933 ad
1303 885 1501 932 senatum

214 967 451 1015 arbitrium
489 963 584 1026 ejus
626 963 692 1011 rei
730 974 878 1010 totum
913 959 1170 1022 rejiciebat:
1203 958 1502 1024 percontandi

215 1041 350 1087 etiam
380 1054 561 1101 aequum
592 1036 676 1083 effe
705 1033 971 1099 potestatem
1004 1032 1101 1079 fieri
1129 1031 1335 1080 Patribus
1353 1068 1368 1091 ‚
1394 1048 1504 1078 num

211 1108 621 1160 communicassent
658 1106 845 1155 consilia
880 1122 983 1153 cum
1017 1105 1238 1169 aliquibus
1274 1104 1502 1153 sociorum

211 1186 366 1233 Latini
393 1183 590 1231 nominis
618 1180 974 1244 municipiorum
994 1197 1006 1225 :
1038 1181 1089 1227 δεῖ
1108 1197 1217 1226 num
1236 1196 1324 1243 ope
1345 1197 1501 1227 eorum

218 1262 264 1306 in
300 1259 422 1306 bello
460 1256 612 1303 forent
646 1258 697 1303 ὅ(
731 1253 1088 1317 municipiorum
1122 1252 1276 1315 adjuti.
1322 1257 1378 1300 Id
1412 1273 1501 1300 vero

214 1340 386 1383 minime
406 1335 739 1380 committendum
762 1330 835 1394 effi:
848 1366 862 1388 ,
885 1329 1066 1376 Fulvius
1085 1328 1233 1374 dicere
1246 1365 1259 1387 ‚
1288 1330 1505 1390 utsollici-

216 1428 400 1457 farentur
420 1409 662 1454 criminibus
681 1408 822 1453 dubiis
838 1406 1052 1466 sociorum
1064 1406 1256 1464 fidelium
1271 1406 1407 1449 animi
1424 1421 1442 1448 .·
1463 1401 1503 1449 δ’
1566 1436 1569 1438 -

205 1486 510 1545 fizbjicercsztur
524 1483 760 1538 indicibus,
780 1483 891 1541 queis
906 1513 919 1537 ,
938 1497 1062 1539 neque
1082 1476 1404 1540 quidfizcerent‚
1434 1496 1504 1522 722·-

217 1578 289 1618 que
308 1560 411 1618 quid
426 1557 626 1613 dicerent,
649 1557 875 1616 quidquam
899 1570 1083 1613 unquam
1091 1551 1215 1616 penst
1224 1549 1386 1614 fuiffet.
1417 1554 1504 1596 ita=

217 1649 290 1691 que
316 1631 365 1691 ss:
400 1649 487 1674 cam
525 1629 778 1694 quaestioezem
811 1623 1082 1690 opprffmtm
1123 1624 1504 1690 exstinffurumquc.

217 1704 288 1750 Ab
322 1704 412 1748 hoc
451 1701 656 1748 sermone
689 1718 793 1748 cum
826 1698 1002 1764 digrefli
1032 1698 1191 1756 essent,
1225 1698 1275 1744 &
1304 1696 1506 1759 Appius,

216 1776 424 1838 quamvis
450 1774 663 1821 ferociter
681 1773 970 1837 loquentem,
991 1770 1233 1834 collegam,
1258 1784 1354 1815 non
1373 1767 1502 1814 dubi-

217 1861 358 1906 taret,
382 1860 532 1894 tamen
554 1847 702 1893 literas
732 1847 860 1908 super
885 1855 1008 1891 tanta
1031 1859 1078 1889 re
1101 1842 1156 1889 ab
1176 1841 1325 1888 Roma
1343 1839 1503 1904 exspe-

218 1923 460 1975 c‘latutum3
493 1918 699 1976 Fulvius,
722 1934 776 1963 ne
797 1917 842 1963 id
870 1916 1012 1978 ipsum
1040 1914 1412 1978 impedimentum
1432 1913 1505 1961 in-

221 2007 356 2057 cepto
377 1993 497 2040 foret
512 2029 526 2050 ‚
548 1991 776 2039 dimittens
794 1989 1082 2054 praetorium,
1102 1987 1293 2035 tribunis
1309 1987 1503 2034 militum

219 2086 271 2115 ac
299 2066 517 2129 praefeffis
536 2063 708 2111 socium
728 2062 996 2126 imperavit,
1017 2062 1083 2108 uti
1101 2061 1280 2107 duobus
1305 2059 1503 2108 millibus

217 2138 421 2201 equitum
447 2136 625 2183 deleffis
651 2135 990 2192 denuntiarent,
1011 2147 1060 2181 ut
1076 2134 1131 2180 ad
1150 2133 1325 2180 tertiam
1343 2133 1504 2180 bucci-

221 2228 326 2258 nam
358 2210 519 2272 praesto
551 2210 701 2256 essent.
729 2211 845 2256 Cum
875 2209 966 2255 hoc
986 2207 1185 2270 equitatu
1219 2207 1350 2252 nocte
1382 2205 1504 2252 Tea-

224 2302 330 2330 num
360 2283 585 2345 profectus
606 2320 617 2338 ‚
641 2284 783 2346 prima
805 2283 906 2329 luce
927 2295 1104 2344 portam
1133 2280 1346 2338 intravit,
1370 2291 1504 2343 atque

220 2359 268 2407 in
298 2358 449 2405 forum
480 2357 707 2419 perrexit:
731 2355 1040 2417 concursuque
1066 2355 1122 2400 ad
1156 2354 1350 2416 primum
1375 2354 1503 2416 equi-

223 2446 317 2481 tum
341 2432 578 2496 ingreffum
610 2430 752 2487 fae-Tto,
777 2428 1078 2493 magistratum
1100 2427 1348 2476 Sidicinum
1374 2428 1501 2475 cir-ari
