1628 2890
221 205 769 252 HISTORIARUM
816 203 1187 250 LIB.XX1V.
1264 207 1345 266 165

69 313 322 371 convenit,
356 327 433 369 ut,
468 328 571 359 cum
604 312 840 358 Romanos
873 310 1025 358 Sicilia
1060 308 1355 373 expulissent,

69 388 138 448 (id
165 398 315 434 autem
334 384 465 431 brevi
488 384 613 441 fore,
633 383 666 429 fi
685 398 826 430 naves
851 393 987 446 atque
1012 382 1257 429 exercitum
1275 382 1356 428 mi„

70 457 248 520 sissent)
272 456 455 503 Himera
487 455 629 502 amnis
644 491 658 513 ,
680 454 758 517 qui
789 453 927 500 ferme
959 454 1143 500 insulam
1166 454 1328 502 dividit
1343 490 1358 513 ,

68 531 169 579 finis
187 531 311 594 regni
330 528 600 594 Syracusani
617 544 667 573 ac
684 526 843 573 Punici
861 527 1038 589 imperii
1064 527 1181 574 esset.
1211 527 1361 577 Aliam

69 605 253 663 deinde,
269 603 448 651 inflatus
468 594 835 649 assentationibus
851 617 1008 647 eorum
1020 636 1034 658 ,
1049 601 1125 664 qui
1145 617 1245 648 eum
1263 618 1359 648 non

72 676 285 724 Hieronis
315 687 515 733 tantum,
544 673 616 720 sed
636 672 801 736 Pyrrhi
832 672 966 718 etiam
995 673 1140 736 regis,
1171 675 1362 721 materni

73 748 179 807 avi,
210 748 424 811 jubebant
466 745 739 804 meminisse,
780 744 1053 844 legationem
1095 746 1235 805 misit,
1274 764 1361 806 qua

73 837 251 884 aequum
271 818 502 876 censebat,
525 816 672 864 Sicilia
692 816 771 863 fibi
800 817 929 863 omni
959 818 1086 864 cedi:
1113 818 1282 864 ltaliae
1274 837 1360 865 unu

72 895 248 958 perium
293 893 529 956 proprium
574 891 716 954 quaeri
764 890 1123 953 Carthaginiensi
1172 891 1363 970 populo.

75 969 204 1014 Hanc
230 967 458 1015 levitatem
486 980 536 1011 ac
558 962 847 1025 ja&ationem
877 962 1015 1009 animi
1049 979 1196 1027 neque
1225 963 1362 1010 mira-

77 1041 236 1086 bantur
268 1039 314 1085 in
344 1038 511 1100 juvene
546 1035 718 1082 furioso
729 1052 906 1099 ,neque
937 1035 1202 1099 arguebant,
1233 1035 1364 1082 dum*

77 1115 219 1161 modo
241 1123 496 1160 averterent
527 1128 629 1158 eum
647 1110 702 1158 ab
723 1110 954 1156 Romanis.

147 1189 250 1233 Vfl.
279 1185 364 1232 Sed
393 1184 546 1231 omnia
568 1184 616 1230 in
635 1200 692 1230 eo
718 1180 966 1245 praecipitia
987 1181 1043 1227 ad
1061 1180 1251 1228 exitium
1272 1181 1370 1228 fue-

78 1270 200 1307 runt.
229 1276 333 1306 nam
364 1273 466 1303 cum
483 1291 499 1312 ,
529 1255 757 1318 praemiffis
786 1256 1064 1318 Hippocrate
1102 1266 1232 1318 atque
1265 1255 1375 1317 Epi-

81 1334 200 1400 cyde
234 1349 337 1380 cum
367 1329 483 1377 binis
516 1329 714 1377 millibus
740 1341 1014 1376 armatorum
1044 1329 1098 1375 ad
1134 1328 1371 1375 tentandas

84 1408 247 1465 urbes,
279 1422 379 1469 quae
401 1402 613 1466 praesidiis
638 1402 904 1449 tenebantur
928 1401 1170 1459 Romanis,
1203 1404 1250 1449 ὅ(
1281 1400 1373 1463 ipse

82 1480 131 1526 in
150 1477 403 1525 Leontinos
427 1492 529 1522 cum
553 1487 704 1522 cetero
735 1474 862 1520 omni
891 1474 1091 1521 exercitu
1114 1473 1271 1537 (erant
1292 1490 1371 1519 au-

85 1564 177 1598 tem
196 1550 250 1597 ad
270 1548 526 1613 quindecim
551 1546 690 1593 millia
705 1546 906 1610 peditum
925 1544 1238 1610 equitumque)
1262 1562 1373 1608 pro-

87 1625 227 1676 fectus
248 1622 375 1677 effet3
397 1622 558 1668 liberas
577 1620 692 1668 aedes
717 1618 944 1682 conjurati
972 1618 1058 1682 (Sc
1077 1636 1236 1666 omnes
1257 1618 1376 1664 forte

88 1693 369 1757 militabant)
395 1694 677 1741 imminentes
712 1694 798 1743 viae
832 1692 1028 1758 angustae
1045 1729 1058 1749 ,
1089 1710 1176 1756 qua
1197 1689 1377 1737 descen-

88 1769 193 1815 dere
212 1768 267 1815 ad
292 1767 443 1814 forum
466 1784 544 1814 rex
565 1766 761 1825 solebat,
787 1765 1044 1813 sumserunt.
1073 1764 1161 1824 ibi,
1180 1781 1284 1812 cum
1302 1762 1376 1810 in-

94 1842 244 1890 struffi
282 1841 526 1905 armatique
550 1841 686 1888 ceteri
714 1840 942 1887 transitum
971 1838 1269 1901 exspeEiantes
1294 1836 1380 1882 sta·—

93 1929 194 1965 rent
208 1953 222 1977 ,
240 1916 320 1964 uni
338 1933 394 1963 ex
422 1917 485 1963 eis
499 1953 513 1976 ,
543 1916 828 1981 (Dinomeni
851 1915 935 1963 fuit
957 1931 1124 1961 nomen
1134 1917 1159 1975 >τ
1177 1912 1281 1978 quia
1303 1928 1381 1959 cu·

94 1989 186 2035 fios
216 1988 423 2050 corporis
450 2001 568 2047 erat,
598 2001 743 2051 partes
772 1988 887 2035 datae
914 1986 1043 2044 sunt,
1072 1998 1148 2044 ut,
1170 2002 1272 2032 cum
1306 2000 1385 2046 ap-

94 2061 419 2125 propinquaret
456 2060 600 2122 januae
634 2078 740 2120 rex,
777 2078 860 2124 per
900 2059 1072 2108 causam
1107 2058 1300 2121 aliquam
1337 2056 1385 2102 in

97 2133 307 2197 angustiis
334 2133 565 2181 sustineret
593 2133 648 2180 ab
674 2146 800 2196 tergo
822 2149 995 2195 agmen.
1021 2133 1083 2176 lta
1102 2165 1114 2187 ,
1137 2140 1186 2175 ut
1206 2145 1384 2175 conve·

97 2221 253 2266 nerat,
288 2207 452 2254 saelum
477 2207 555 2255 est.
582 2223 796 2270 tanquam
825 2206 992 2251 laxaret
1026 2203 1193 2250 elatum
1223 2200 1385 2264 pedem

99 2283 155 2330 ab
175 2282 323 2329 stricto
350 2281 477 2328 nodo
493 2317 506 2338 ,
526 2292 730 2328 moratus
750 2279 925 2326 turbam
955 2277 1262 2332 Dinomenes,
1286 2290 1386 2321 tan-

100 2368 196 2402 tum
219 2354 446 2402 intervalli
476 2353 581 2401 fecit
598 2389 611 2411 ‚
632 2364 708 2411 ut,
734 2369 837 2400 cum
857 2351 903 2398 in
930 2360 1271 2414 praetereuntem
1293 2347 1381 2394 fine

102 2426 280 2474 armatis
301 2443 450 2489 regem
472 2426 665 2489 impetus
690 2423 813 2471 fieret
827 2460 839 2481 ‚
863 2422 1187 2470 confoderetur
1206 2419 1383 2482 aliquot

104 2498 228 2562 prius
257 2498 553 2559 vulneribus,
582 2513 716 2562 quam
750 2495 949 2545 succurri
981 2492 1138 2558 posset.
1170 2491 1382 2539 Clamore

1036 2567 1071 2612 L
1104 2581 1127 2629 3
