<?xml version="1.0" encoding="UTF-8"?>
<!DOCTYPE html PUBLIC "-//W3C//DTD XHTML 1.0 Transitional//EN"
    "http://www.w3.org/TR/xhtml1/DTD/xhtml1-transitional.dtd">
<html xmlns="http://www.w3.org/1999/xhtml" xml:lang="en" lang="en">
 <head>
  <title>
</title>
<meta http-equiv="Content-Type" content="text/html;charset=utf-8" />
  <meta name='ocr-system' content='tesseract 3.04.00' />
  <meta name='ocr-capabilities' content='ocr_page ocr_carea ocr_par ocr_line ocrx_word'/>
</head>
<body>
  <div class='ocr_page' id='page_1' title='image "./historiarumlibri04livyuoft_0321.png"; bbox 0 0 1628 2890; ppageno 0'>
   <div class='ocr_carea' id='block_1_1' title="bbox 258 116 1376 178">
    <p class='ocr_par' dir='ltr' id='par_1_1' title="bbox 258 116 1376 178">
     <span class='ocr_line' id='line_1_1' title="bbox 258 116 1376 178; baseline -0.005 -11"><span class='ocrx_word' id='word_1_1' title='bbox 258 117 805 173; x_wconf 68' lang='lat' dir='ltr'>HxsTOmARUM</span> <span class='ocrx_word' id='word_1_2' title='bbox 852 116 976 164; x_wconf 68' lang='lat' dir='ltr'>Lm.</span> <span class='ocrx_word' id='word_1_3' title='bbox 1023 116 1215 164; x_wconf 64' lang='lat' dir='ltr'>xxm.</span> <span class='ocrx_word' id='word_1_4' title='bbox 1291 130 1376 178; x_wconf 77' lang='lat'>311</span> 
     </span>
    </p>
   </div>
   <div class='ocr_carea' id='block_1_2' title="bbox 76 221 1410 2544">
    <p class='ocr_par' dir='ltr' id='par_1_2' title="bbox 95 221 1383 506">
     <span class='ocr_line' id='line_1_2' title="bbox 95 221 1383 287; baseline -0.004 -13"><span class='ocrx_word' id='word_1_5' title='bbox 95 225 326 285; x_wconf 85' lang='lat' dir='ltr'>consules,</span> <span class='ocrx_word' id='word_1_6' title='bbox 360 225 625 275; x_wconf 85' lang='lat' dir='ltr'>censoresve</span> <span class='ocrx_word' id='word_1_7' title='bbox 659 225 867 284; x_wconf 68' lang='lat' dir='ltr'>fuissent,</span> <span class='ocrx_word' id='word_1_8' title='bbox 901 240 1003 272; x_wconf 84' lang='lat' dir='ltr'>cum</span> <span class='ocrx_word' id='word_1_9' title='bbox 1039 221 1230 287; x_wconf 86' lang='lat' dir='ltr'>imperio</span> <span class='ocrx_word' id='word_1_10' title='bbox 1268 223 1383 282; x_wconf 61' lang='lat' dir='ltr'>effe9‘</span> 
     </span>
     <span class='ocr_line' id='line_1_3' title="bbox 96 295 1383 360; baseline -0.002 -14"><span class='ocrx_word' id='word_1_11' title='bbox 96 301 243 348; x_wconf 88' lang='lat' dir='ltr'>donec</span> <span class='ocrx_word' id='word_1_12' title='bbox 271 300 503 348; x_wconf 82' lang='lat' dir='ltr'>receffiffet</span> <span class='ocrx_word' id='word_1_13' title='bbox 523 318 546 346; x_wconf 90' lang='lat' dir='ltr'>a</span> <span class='ocrx_word' id='word_1_14' title='bbox 574 299 712 346; x_wconf 87' lang='lat' dir='ltr'>muris</span> <span class='ocrx_word' id='word_1_15' title='bbox 742 298 896 347; x_wconf 86' lang='lat' dir='ltr'>hostis.</span> <span class='ocrx_word' id='word_1_16' title='bbox 929 300 984 346; x_wconf 87' lang='lat' dir='ltr'>Et</span> <span class='ocrx_word' id='word_1_17' title='bbox 1010 297 1097 343; x_wconf 88' lang='lat' dir='ltr'>diei</span> <span class='ocrx_word' id='word_1_18' title='bbox 1125 296 1254 360; x_wconf 87' lang='lat' dir='ltr'>quod</span> <span class='ocrx_word' id='word_1_19' title='bbox 1274 295 1383 347; x_wconf 74' lang='lat' dir='ltr'>reli-i,</span> 
     </span>
     <span class='ocr_line' id='line_1_4' title="bbox 96 367 1382 435; baseline -0.002 -18"><span class='ocrx_word' id='word_1_20' title='bbox 96 389 235 435; x_wconf 82' lang='lat' dir='ltr'>quum</span> <span class='ocrx_word' id='word_1_21' title='bbox 255 371 363 432; x_wconf 80' lang='lat' dir='ltr'>fuit,</span> <span class='ocrx_word' id='word_1_22' title='bbox 383 373 432 420; x_wconf 89' lang='lat'>&amp;</span> <span class='ocrx_word' id='word_1_23' title='bbox 456 373 589 419; x_wconf 61' lang='lat' dir='ltr'>nofile</span> <span class='ocrx_word' id='word_1_24' title='bbox 606 370 882 435; x_wconf 82' lang='lat' dir='ltr'>insequenti,</span> <span class='ocrx_word' id='word_1_25' title='bbox 904 369 1034 418; x_wconf 88' lang='lat' dir='ltr'>multi</span> <span class='ocrx_word' id='word_1_26' title='bbox 1061 381 1225 416; x_wconf 82' lang='lat' dir='ltr'>temere</span> <span class='ocrx_word' id='word_1_27' title='bbox 1257 367 1382 416; x_wconf 78' lang='lat' dir='ltr'>exci-</span> 
     </span>
     <span class='ocr_line' id='line_1_5' title="bbox 95 442 926 506; baseline 0 -16"><span class='ocrx_word' id='word_1_28' title='bbox 95 443 176 490; x_wconf 87' lang='lat' dir='ltr'>tati</span> <span class='ocrx_word' id='word_1_29' title='bbox 196 444 411 491; x_wconf 87' lang='lat' dir='ltr'>tumultus</span> <span class='ocrx_word' id='word_1_30' title='bbox 438 443 561 502; x_wconf 83' lang='lat' dir='ltr'>sunt,</span> <span class='ocrx_word' id='word_1_31' title='bbox 584 442 926 506; x_wconf 80' lang='lat' dir='ltr'>compreffique.</span> 
     </span>
    </p>

    <p class='ocr_par' dir='ltr' id='par_1_3' title="bbox 76 510 1410 2477">
     <span class='ocr_line' id='line_1_6' title="bbox 162 510 1383 580; baseline -0.005 -18"><span class='ocrx_word' id='word_1_32' title='bbox 162 517 240 564; x_wconf 87' lang='lat' dir='ltr'>X1.</span> <span class='ocrx_word' id='word_1_33' title='bbox 271 516 458 563; x_wconf 86' lang='lat' dir='ltr'>Postero</span> <span class='ocrx_word' id='word_1_34' title='bbox 487 516 558 563; x_wconf 87' lang='lat' dir='ltr'>die</span> <span class='ocrx_word' id='word_1_35' title='bbox 590 514 875 580; x_wconf 72' lang='lat' dir='ltr'>transgressus</span> <span class='ocrx_word' id='word_1_36' title='bbox 906 513 1126 562; x_wconf 84' lang='lat' dir='ltr'>Anienem</span> <span class='ocrx_word' id='word_1_37' title='bbox 1157 510 1383 560; x_wconf 71' lang='lat' dir='ltr'>Hannibal</span> 
     </span>
     <span class='ocr_line' id='line_1_7' title="bbox 95 582 1380 651; baseline -0.002 -18"><span class='ocrx_word' id='word_1_38' title='bbox 95 586 143 634; x_wconf 87' lang='lat' dir='ltr'>in</span> <span class='ocrx_word' id='word_1_39' title='bbox 161 588 300 636; x_wconf 82' lang='lat' dir='ltr'>aciem</span> <span class='ocrx_word' id='word_1_40' title='bbox 327 605 485 636; x_wconf 87' lang='lat' dir='ltr'>omnes</span> <span class='ocrx_word' id='word_1_41' title='bbox 515 588 669 651; x_wconf 81' lang='lat' dir='ltr'>copias</span> <span class='ocrx_word' id='word_1_42' title='bbox 695 587 880 634; x_wconf 82' lang='lat' dir='ltr'>eduxit:</span> <span class='ocrx_word' id='word_1_43' title='bbox 901 602 985 634; x_wconf 89' lang='lat' dir='ltr'>nec</span> <span class='ocrx_word' id='word_1_44' title='bbox 1004 585 1187 632; x_wconf 84' lang='lat' dir='ltr'><strong>Flaccus</strong></span> <span class='ocrx_word' id='word_1_45' title='bbox 1214 582 1380 632; x_wconf 87' lang='lat' dir='ltr'>consu-</span> 
     </span>
     <span class='ocr_line' id='line_1_8' title="bbox 97 656 1410 723; baseline -0.002 -18"><span class='ocrx_word' id='word_1_46' title='bbox 97 659 246 723; x_wconf 86' lang='lat' dir='ltr'>lesque</span> <span class='ocrx_word' id='word_1_47' title='bbox 292 675 516 708; x_wconf 86' lang='lat' dir='ltr'>certamen</span> <span class='ocrx_word' id='word_1_48' title='bbox 551 661 870 707; x_wconf 72' lang='lat' dir='ltr'>detreElavere.</span> <span class='ocrx_word' id='word_1_49' title='bbox 906 659 1128 705; x_wconf 73' lang='lat' dir='ltr'>Instruffis</span> <span class='ocrx_word' id='word_1_50' title='bbox 1168 656 1384 720; x_wconf 87' lang='lat' dir='ltr'>utrinque</span> <span class='ocrx_word' id='word_1_51' title='bbox 1405 703 1410 707; x_wconf 79' lang='grc'><strong>,</strong></span> 
     </span>
     <span class='ocr_line' id='line_1_9' title="bbox 93 729 1380 796; baseline -0.002 -19"><span class='ocrx_word' id='word_1_52' title='bbox 93 731 366 780; x_wconf 76' lang='lat' dir='ltr'>exercitibus</span> <span class='ocrx_word' id='word_1_53' title='bbox 383 732 430 777; x_wconf 88' lang='lat' dir='ltr'>in</span> <span class='ocrx_word' id='word_1_54' title='bbox 445 731 538 793; x_wconf 80' lang='lat' dir='ltr'>ejus</span> <span class='ocrx_word' id='word_1_55' title='bbox 557 748 718 796; x_wconf 85' lang='lat' dir='ltr'>pugnae</span> <span class='ocrx_word' id='word_1_56' title='bbox 739 730 888 777; x_wconf 88' lang='lat' dir='ltr'>casum</span> <span class='ocrx_word' id='word_1_57' title='bbox 900 766 914 786; x_wconf 86' lang='lat'><strong><em>‚</em></strong></span> <span class='ocrx_word' id='word_1_58' title='bbox 933 730 981 776; x_wconf 88' lang='lat' dir='ltr'>in</span> <span class='ocrx_word' id='word_1_59' title='bbox 1000 747 1086 794; x_wconf 83' lang='lat' dir='ltr'>qua</span> <span class='ocrx_word' id='word_1_60' title='bbox 1104 729 1212 781; x_wconf 84' lang='lat' dir='ltr'>urbs</span> <span class='ocrx_word' id='word_1_61' title='bbox 1230 730 1380 774; x_wconf 86' lang='lat' dir='ltr'>Roma</span> 
     </span>
     <span class='ocr_line' id='line_1_10' title="bbox 95 801 1379 867; baseline -0.002 -18"><span class='ocrx_word' id='word_1_62' title='bbox 95 803 263 851; x_wconf 58' lang='lat' dir='ltr'>viilori</span> <span class='ocrx_word' id='word_1_63' title='bbox 288 804 659 867; x_wconf 52' lang='lat' dir='ltr'>praemiumaessh,</span> <span class='ocrx_word' id='word_1_64' title='bbox 683 802 826 849; x_wconf 87' lang='lat' dir='ltr'>imber</span> <span class='ocrx_word' id='word_1_65' title='bbox 852 802 1007 866; x_wconf 84' lang='lat' dir='ltr'>ingens</span> <span class='ocrx_word' id='word_1_66' title='bbox 1026 802 1240 866; x_wconf 78' lang='lat' dir='ltr'>grandine</span> <span class='ocrx_word' id='word_1_67' title='bbox 1259 801 1379 859; x_wconf 55' lang='lat' dir='ltr'>mig·-</span> 
     </span>
     <span class='ocr_line' id='line_1_11' title="bbox 97 872 1380 941; baseline -0.002 -21"><span class='ocrx_word' id='word_1_68' title='bbox 97 886 167 922; x_wconf 84' lang='lat' dir='ltr'>tus</span> <span class='ocrx_word' id='word_1_69' title='bbox 192 876 249 922; x_wconf 88' lang='lat' dir='ltr'>ita</span> <span class='ocrx_word' id='word_1_70' title='bbox 276 890 509 941; x_wconf 82' lang='lat' dir='ltr'>utramque</span> <span class='ocrx_word' id='word_1_71' title='bbox 539 875 681 922; x_wconf 84' lang='lat' dir='ltr'>aciem</span> <span class='ocrx_word' id='word_1_72' title='bbox 709 874 941 933; x_wconf 86' lang='lat' dir='ltr'>turbavit,</span> <span class='ocrx_word' id='word_1_73' title='bbox 966 886 1015 921; x_wconf 87' lang='lat' dir='ltr'>ut</span> <span class='ocrx_word' id='word_1_74' title='bbox 1046 874 1128 920; x_wconf 83' lang='lat' dir='ltr'>vix</span> <span class='ocrx_word' id='word_1_75' title='bbox 1156 872 1289 919; x_wconf 85' lang='lat' dir='ltr'>armis</span> <span class='ocrx_word' id='word_1_76' title='bbox 1309 888 1380 919; x_wconf 88' lang='lat' dir='ltr'>re-</span> 
     </span>
     <span class='ocr_line' id='line_1_12' title="bbox 95 944 1383 1012; baseline -0.002 -18"><span class='ocrx_word' id='word_1_77' title='bbox 95 949 231 997; x_wconf 86' lang='lat' dir='ltr'>tentis</span> <span class='ocrx_word' id='word_1_78' title='bbox 258 949 306 997; x_wconf 91' lang='lat' dir='ltr'>in</span> <span class='ocrx_word' id='word_1_79' title='bbox 337 951 472 998; x_wconf 72' lang='lat' dir='ltr'>castra</span> <span class='ocrx_word' id='word_1_80' title='bbox 498 949 583 996; x_wconf 90' lang='lat' dir='ltr'>sese</span> <span class='ocrx_word' id='word_1_81' title='bbox 600 948 850 1012; x_wconf 86' lang='lat' dir='ltr'>receperint</span> <span class='ocrx_word' id='word_1_82' title='bbox 864 983 879 1006; x_wconf 87' lang='lat'>,</span> <span class='ocrx_word' id='word_1_83' title='bbox 901 947 1066 994; x_wconf 86' lang='lat' dir='ltr'>nullius</span> <span class='ocrx_word' id='word_1_84' title='bbox 1084 946 1149 993; x_wconf 89' lang='lat' dir='ltr'>rei</span> <span class='ocrx_word' id='word_1_85' title='bbox 1170 944 1347 992; x_wconf 87' lang='lat' dir='ltr'>minore</span> <span class='ocrx_word' id='word_1_86' title='bbox 1363 980 1383 1003; x_wconf 63' lang='lat'>‚</span> 
     </span>
     <span class='ocr_line' id='line_1_13' title="bbox 94 1018 1381 1083; baseline -0.002 -17"><span class='ocrx_word' id='word_1_87' title='bbox 94 1035 228 1082; x_wconf 81' lang='lat' dir='ltr'>quam</span> <span class='ocrx_word' id='word_1_88' title='bbox 260 1021 483 1080; x_wconf 86' lang='lat' dir='ltr'>hostium,</span> <span class='ocrx_word' id='word_1_89' title='bbox 510 1033 647 1069; x_wconf 77' lang='lat' dir='ltr'>metu.</span> <span class='ocrx_word' id='word_1_90' title='bbox 673 1023 729 1069; x_wconf 85' lang='lat' dir='ltr'>Et</span> <span class='ocrx_word' id='word_1_91' title='bbox 759 1020 943 1083; x_wconf 83' lang='lat' dir='ltr'>postero</span> <span class='ocrx_word' id='word_1_92' title='bbox 975 1020 1046 1066; x_wconf 86' lang='lat' dir='ltr'>die</span> <span class='ocrx_word' id='word_1_93' title='bbox 1077 1018 1238 1066; x_wconf 89' lang='lat' dir='ltr'>eodem</span> <span class='ocrx_word' id='word_1_94' title='bbox 1267 1018 1381 1065; x_wconf 76' lang='lat' dir='ltr'>loco</span> 
     </span>
     <span class='ocr_line' id='line_1_14' title="bbox 94 1091 1379 1156; baseline 0 -18"><span class='ocrx_word' id='word_1_95' title='bbox 94 1093 208 1139; x_wconf 83' lang='lat' dir='ltr'>acies</span> <span class='ocrx_word' id='word_1_96' title='bbox 231 1091 460 1140; x_wconf 59' lang='lat' dir='ltr'>instrufilas</span> <span class='ocrx_word' id='word_1_97' title='bbox 489 1094 642 1140; x_wconf 86' lang='lat' dir='ltr'>eadem</span> <span class='ocrx_word' id='word_1_98' title='bbox 666 1093 901 1156; x_wconf 83' lang='lat' dir='ltr'>tempestas</span> <span class='ocrx_word' id='word_1_99' title='bbox 925 1092 1117 1140; x_wconf 84' lang='lat' dir='ltr'>diremit.</span> <span class='ocrx_word' id='word_1_100' title='bbox 1149 1091 1227 1139; x_wconf 91' lang='lat' dir='ltr'>ubi</span> <span class='ocrx_word' id='word_1_101' title='bbox 1251 1106 1379 1138; x_wconf 88' lang='lat' dir='ltr'>rece--</span> 
     </span>
     <span class='ocr_line' id='line_1_15' title="bbox 93 1163 1381 1231; baseline 0 -20"><span class='ocrx_word' id='word_1_102' title='bbox 93 1166 252 1231; x_wconf 87' lang='lat' dir='ltr'>pissent</span> <span class='ocrx_word' id='word_1_103' title='bbox 271 1166 312 1213; x_wconf 92' lang='lat' dir='ltr'>se</span> <span class='ocrx_word' id='word_1_104' title='bbox 330 1167 376 1214; x_wconf 88' lang='lat' dir='ltr'>in</span> <span class='ocrx_word' id='word_1_105' title='bbox 398 1167 557 1225; x_wconf 85' lang='lat' dir='ltr'>castra,</span> <span class='ocrx_word' id='word_1_106' title='bbox 581 1167 691 1214; x_wconf 82' lang='lat' dir='ltr'>mira</span> <span class='ocrx_word' id='word_1_107' title='bbox 714 1166 920 1213; x_wconf 78' lang='lat' dir='ltr'>serenitas</span> <span class='ocrx_word' id='word_1_108' title='bbox 939 1183 1040 1214; x_wconf 87' lang='lat' dir='ltr'>cum</span> <span class='ocrx_word' id='word_1_109' title='bbox 1060 1163 1381 1228; x_wconf 78' lang='lat' dir='ltr'>tranquillitate</span> 
     </span>
     <span class='ocr_line' id='line_1_16' title="bbox 93 1234 1379 1302; baseline -0.002 -19"><span class='ocrx_word' id='word_1_110' title='bbox 93 1238 340 1287; x_wconf 86' lang='lat' dir='ltr'>oriebatur.</span> <span class='ocrx_word' id='word_1_111' title='bbox 371 1240 420 1284; x_wconf 91' lang='lat' dir='ltr'>In</span> <span class='ocrx_word' id='word_1_112' title='bbox 449 1238 716 1302; x_wconf 85' lang='lat' dir='ltr'>religionem</span> <span class='ocrx_word' id='word_1_113' title='bbox 745 1255 796 1286; x_wconf 92' lang='lat' dir='ltr'>ea</span> <span class='ocrx_word' id='word_1_114' title='bbox 819 1254 888 1285; x_wconf 88' lang='lat' dir='ltr'>res</span> <span class='ocrx_word' id='word_1_115' title='bbox 917 1238 1036 1301; x_wconf 86' lang='lat' dir='ltr'>apud</span> <span class='ocrx_word' id='word_1_116' title='bbox 1061 1238 1231 1283; x_wconf 70' lang='lat' dir='ltr'>Poenos</span> <span class='ocrx_word' id='word_1_117' title='bbox 1253 1234 1379 1284; x_wconf 76' lang='lat' dir='ltr'>versa</span> 
     </span>
     <span class='ocr_line' id='line_1_17' title="bbox 76 1308 1381 1375; baseline -0.002 -19"><span class='ocrx_word' id='word_1_118' title='bbox 76 1310 185 1357; x_wconf 56' lang='lat' dir='ltr'>est:</span> <span class='ocrx_word' id='word_1_119' title='bbox 206 1311 444 1375; x_wconf 88' lang='lat' dir='ltr'>auditaque</span> <span class='ocrx_word' id='word_1_120' title='bbox 467 1328 565 1360; x_wconf 82' lang='lat' dir='ltr'>vox</span> <span class='ocrx_word' id='word_1_121' title='bbox 588 1310 853 1359; x_wconf 77' lang='lat' dir='ltr'>Hannibalis</span> <span class='ocrx_word' id='word_1_122' title='bbox 876 1310 1044 1368; x_wconf 87' lang='lat' dir='ltr'>fertur,</span> <span class='ocrx_word' id='word_1_123' title='bbox 1066 1308 1381 1372; x_wconf 74' lang='lat' dir='ltr'>Potiutzdaefibi</span> 
     </span>
     <span class='ocr_line' id='line_1_18' title="bbox 94 1382 1380 1441; baseline 0.002 -14"><span class='ocrx_word' id='word_1_124' title='bbox 94 1386 205 1428; x_wconf 76' lang='lat' dir='ltr'><em>urhis</em></span> <span class='ocrx_word' id='word_1_125' title='bbox 227 1385 368 1429; x_wconf 79' lang='lat' dir='ltr'><em>Romae</em></span> <span class='ocrx_word' id='word_1_126' title='bbox 399 1388 521 1430; x_wconf 81' lang='lat' dir='ltr'><em>modo</em></span> <span class='ocrx_word' id='word_1_127' title='bbox 548 1400 718 1430; x_wconf 80' lang='lat' dir='ltr'>mentem</span> <span class='ocrx_word' id='word_1_128' title='bbox 739 1403 825 1430; x_wconf 78' lang='lat' dir='ltr'>mm</span> <span class='ocrx_word' id='word_1_129' title='bbox 853 1387 973 1439; x_wconf 81' lang='lat' dir='ltr'>dari,</span> <span class='ocrx_word' id='word_1_130' title='bbox 994 1385 1119 1429; x_wconf 83' lang='lat' dir='ltr'><em>modo</em></span> <span class='ocrx_word' id='word_1_131' title='bbox 1139 1382 1380 1441; x_wconf 56' lang='lat' dir='ltr'>fhrtunamf.</span> 
     </span>
     <span class='ocr_line' id='line_1_19' title="bbox 95 1455 1379 1521; baseline -0.001 -20"><span class='ocrx_word' id='word_1_132' title='bbox 95 1455 301 1511; x_wconf 80' lang='lat' dir='ltr'>Minuere</span> <span class='ocrx_word' id='word_1_133' title='bbox 323 1456 452 1503; x_wconf 81' lang='lat' dir='ltr'>etiam</span> <span class='ocrx_word' id='word_1_134' title='bbox 474 1457 595 1521; x_wconf 83' lang='lat' dir='ltr'>spem</span> <span class='ocrx_word' id='word_1_135' title='bbox 613 1456 709 1519; x_wconf 84' lang='lat' dir='ltr'>ejus</span> <span class='ocrx_word' id='word_1_136' title='bbox 727 1459 778 1505; x_wconf 74' lang='grc' dir='ltr'>δι</span> <span class='ocrx_word' id='word_1_137' title='bbox 797 1457 894 1506; x_wconf 82' lang='lat' dir='ltr'>aliae</span> <span class='ocrx_word' id='word_1_138' title='bbox 908 1492 923 1516; x_wconf 86' lang='lat'>,</span> <span class='ocrx_word' id='word_1_139' title='bbox 942 1460 1081 1520; x_wconf 81' lang='lat' dir='ltr'>parva</span> <span class='ocrx_word' id='word_1_140' title='bbox 1101 1470 1348 1518; x_wconf 78' lang='lat' dir='ltr'>magnaque</span> <span class='ocrx_word' id='word_1_141' title='bbox 1362 1489 1379 1510; x_wconf 87' lang='lat'>,</span> 
     </span>
     <span class='ocr_line' id='line_1_20' title="bbox 95 1527 1382 1594; baseline 0.001 -20"><span class='ocrx_word' id='word_1_142' title='bbox 95 1544 193 1575; x_wconf 85' lang='lat' dir='ltr'>res:</span> <span class='ocrx_word' id='word_1_143' title='bbox 219 1545 379 1593; x_wconf 85' lang='lat' dir='ltr'>magna</span> <span class='ocrx_word' id='word_1_144' title='bbox 410 1531 509 1591; x_wconf 83' lang='lat' dir='ltr'>illa,</span> <span class='ocrx_word' id='word_1_145' title='bbox 535 1532 688 1593; x_wconf 89' lang='lat' dir='ltr'>quod,</span> <span class='ocrx_word' id='word_1_146' title='bbox 720 1548 822 1578; x_wconf 87' lang='lat' dir='ltr'>cum</span> <span class='ocrx_word' id='word_1_147' title='bbox 854 1529 945 1594; x_wconf 84' lang='lat' dir='ltr'>ipse</span> <span class='ocrx_word' id='word_1_148' title='bbox 974 1530 1030 1578; x_wconf 86' lang='lat' dir='ltr'>ad</span> <span class='ocrx_word' id='word_1_149' title='bbox 1055 1529 1228 1576; x_wconf 83' lang='lat' dir='ltr'>moenia</span> <span class='ocrx_word' id='word_1_150' title='bbox 1255 1527 1382 1575; x_wconf 64' lang='lat' dir='ltr'>urbis</span> 
     </span>
     <span class='ocr_line' id='line_1_21' title="bbox 91 1599 1380 1663; baseline -0.001 -17"><span class='ocrx_word' id='word_1_151' title='bbox 91 1601 256 1647; x_wconf 71' lang='lat' dir='ltr'>Romae</span> <span class='ocrx_word' id='word_1_152' title='bbox 274 1615 469 1649; x_wconf 84' lang='lat' dir='ltr'>armatus</span> <span class='ocrx_word' id='word_1_153' title='bbox 488 1602 682 1662; x_wconf 84' lang='lat' dir='ltr'>sederet,</span> <span class='ocrx_word' id='word_1_154' title='bbox 712 1602 876 1650; x_wconf 84' lang='lat' dir='ltr'>milites</span> <span class='ocrx_word' id='word_1_155' title='bbox 903 1601 982 1648; x_wconf 85' lang='lat' dir='ltr'>sub</span> <span class='ocrx_word' id='word_1_156' title='bbox 1002 1600 1183 1648; x_wconf 82' lang='lat' dir='ltr'>vexillis</span> <span class='ocrx_word' id='word_1_157' title='bbox 1208 1599 1255 1646; x_wconf 91' lang='lat' dir='ltr'>in</span> <span class='ocrx_word' id='word_1_158' title='bbox 1273 1599 1380 1663; x_wconf 85' lang='lat' dir='ltr'>sup-</span> 
     </span>
     <span class='ocr_line' id='line_1_22' title="bbox 93 1674 1381 1739; baseline 0 -19"><span class='ocrx_word' id='word_1_159' title='bbox 93 1674 373 1737; x_wconf 81' lang='lat' dir='ltr'>plementum</span> <span class='ocrx_word' id='word_1_160' title='bbox 400 1675 625 1739; x_wconf 81' lang='lat' dir='ltr'>Hispaniae</span> <span class='ocrx_word' id='word_1_161' title='bbox 644 1675 873 1739; x_wconf 60' lang='lat' dir='ltr'>profestos</span> <span class='ocrx_word' id='word_1_162' title='bbox 895 1675 1074 1724; x_wconf 84' lang='lat' dir='ltr'>audivit</span> <span class='ocrx_word' id='word_1_163' title='bbox 1096 1692 1108 1721; x_wconf 75' lang='grc' dir='ltr'><strong><em>ε</em></strong></span> <span class='ocrx_word' id='word_1_164' title='bbox 1136 1690 1276 1737; x_wconf 84' lang='lat' dir='ltr'>parva</span> <span class='ocrx_word' id='word_1_165' title='bbox 1300 1691 1381 1720; x_wconf 75' lang='lat' dir='ltr'>au-</span> 
     </span>
     <span class='ocr_line' id='line_1_23' title="bbox 93 1747 1382 1812; baseline 0.001 -20"><span class='ocrx_word' id='word_1_166' title='bbox 93 1756 185 1793; x_wconf 81' lang='lat' dir='ltr'>tem</span> <span class='ocrx_word' id='word_1_167' title='bbox 201 1782 215 1806; x_wconf 87' lang='lat'><strong>,</strong></span> <span class='ocrx_word' id='word_1_168' title='bbox 238 1748 366 1812; x_wconf 88' lang='lat' dir='ltr'>quod</span> <span class='ocrx_word' id='word_1_169' title='bbox 397 1765 478 1812; x_wconf 89' lang='lat' dir='ltr'>per</span> <span class='ocrx_word' id='word_1_170' title='bbox 505 1765 586 1796; x_wconf 88' lang='lat' dir='ltr'>eos</span> <span class='ocrx_word' id='word_1_171' title='bbox 605 1749 701 1796; x_wconf 82' lang='lat' dir='ltr'>dies</span> <span class='ocrx_word' id='word_1_172' title='bbox 724 1765 829 1796; x_wconf 85' lang='lat' dir='ltr'>eum</span> <span class='ocrx_word' id='word_1_173' title='bbox 854 1748 973 1796; x_wconf 89' lang='lat' dir='ltr'>forte</span> <span class='ocrx_word' id='word_1_174' title='bbox 1000 1764 1182 1812; x_wconf 85' lang='lat' dir='ltr'>agrum,</span> <span class='ocrx_word' id='word_1_175' title='bbox 1208 1747 1255 1793; x_wconf 90' lang='lat' dir='ltr'>in</span> <span class='ocrx_word' id='word_1_176' title='bbox 1284 1764 1382 1810; x_wconf 82' lang='lat' dir='ltr'>quo</span> 
     </span>
     <span class='ocr_line' id='line_1_24' title="bbox 94 1819 1383 1883; baseline -0.001 -16"><span class='ocrx_word' id='word_1_177' title='bbox 94 1819 187 1883; x_wconf 85' lang='lat' dir='ltr'>ipse</span> <span class='ocrx_word' id='word_1_178' title='bbox 217 1821 354 1869; x_wconf 87' lang='lat' dir='ltr'>castra</span> <span class='ocrx_word' id='word_1_179' title='bbox 379 1822 586 1882; x_wconf 84' lang='lat' dir='ltr'>haberet,</span> <span class='ocrx_word' id='word_1_180' title='bbox 608 1822 801 1882; x_wconf 83' lang='lat' dir='ltr'>veniss‘e,</span> <span class='ocrx_word' id='word_1_181' title='bbox 828 1822 943 1870; x_wconf 90' lang='lat' dir='ltr'>nihil</span> <span class='ocrx_word' id='word_1_182' title='bbox 969 1822 1033 1869; x_wconf 88' lang='lat' dir='ltr'>ob</span> <span class='ocrx_word' id='word_1_183' title='bbox 1066 1820 1115 1869; x_wconf 82' lang='lat' dir='ltr'>id</span> <span class='ocrx_word' id='word_1_184' title='bbox 1145 1821 1383 1868; x_wconf 79' lang='lat' dir='ltr'>deminuto</span> 
     </span>
     <span class='ocr_line' id='line_1_25' title="bbox 97 1895 1380 1961; baseline -0.002 -20"><span class='ocrx_word' id='word_1_185' title='bbox 97 1895 271 1958; x_wconf 82' lang='lat' dir='ltr'>pretio,</span> <span class='ocrx_word' id='word_1_186' title='bbox 292 1895 526 1960; x_wconf 85' lang='lat' dir='ltr'>cognitum</span> <span class='ocrx_word' id='word_1_187' title='bbox 558 1914 615 1945; x_wconf 85' lang='lat' dir='ltr'>ex</span> <span class='ocrx_word' id='word_1_188' title='bbox 640 1897 845 1961; x_wconf 80' lang='lat' dir='ltr'>quod-am</span> <span class='ocrx_word' id='word_1_189' title='bbox 875 1897 1058 1961; x_wconf 86' lang='lat' dir='ltr'>captivo</span> <span class='ocrx_word' id='word_1_190' title='bbox 1084 1895 1160 1944; x_wconf 88' lang='lat' dir='ltr'>est.</span> <span class='ocrx_word' id='word_1_191' title='bbox 1183 1895 1232 1941; x_wconf 88' lang='lat' dir='ltr'>Id</span> <span class='ocrx_word' id='word_1_192' title='bbox 1264 1910 1380 1943; x_wconf 82' lang='lat' dir='ltr'>vero</span> 
     </span>
     <span class='ocr_line' id='line_1_26' title="bbox 97 1967 1382 2036; baseline -0.002 -21"><span class='ocrx_word' id='word_1_193' title='bbox 97 1969 212 2016; x_wconf 85' lang='lat' dir='ltr'>adeo</span> <span class='ocrx_word' id='word_1_194' title='bbox 242 1969 478 2032; x_wconf 79' lang='lat' dir='ltr'>superbum</span> <span class='ocrx_word' id='word_1_195' title='bbox 507 1982 640 2035; x_wconf 81' lang='lat' dir='ltr'>atque</span> <span class='ocrx_word' id='word_1_196' title='bbox 673 1970 909 2036; x_wconf 88' lang='lat' dir='ltr'>indignum</span> <span class='ocrx_word' id='word_1_197' title='bbox 943 1970 1117 2027; x_wconf 88' lang='lat' dir='ltr'>visum,</span> <span class='ocrx_word' id='word_1_198' title='bbox 1141 1968 1235 2029; x_wconf 76' lang='lat' dir='ltr'>ejus</span> <span class='ocrx_word' id='word_1_199' title='bbox 1267 1967 1382 2025; x_wconf 77' lang='lat' dir='ltr'>soli,</span> 
     </span>
     <span class='ocr_line' id='line_1_27' title="bbox 96 2041 1381 2109; baseline 0.002 -23"><span class='ocrx_word' id='word_1_200' title='bbox 96 2041 224 2103; x_wconf 83' lang='lat' dir='ltr'>quod</span> <span class='ocrx_word' id='word_1_201' title='bbox 253 2041 344 2104; x_wconf 88' lang='lat' dir='ltr'>ipse</span> <span class='ocrx_word' id='word_1_202' title='bbox 368 2042 489 2109; x_wconf 60' lang='lat' dir='ltr'>bello</span> <span class='ocrx_word' id='word_1_203' title='bbox 510 2054 693 2106; x_wconf 84' lang='lat' dir='ltr'>captum</span> <span class='ocrx_word' id='word_1_204' title='bbox 719 2043 958 2107; x_wconf 77' lang='lat' dir='ltr'>possideret</span> <span class='ocrx_word' id='word_1_205' title='bbox 985 2042 1284 2104; x_wconf 85' lang='lat' dir='ltr'>haberetque,</span> <span class='ocrx_word' id='word_1_206' title='bbox 1308 2041 1381 2088; x_wconf 70' lang='lat' dir='ltr'>in-</span> 
     </span>
     <span class='ocr_line' id='line_1_28' title="bbox 97 2113 1380 2178; baseline 0 -18"><span class='ocrx_word' id='word_1_207' title='bbox 97 2127 288 2161; x_wconf 83' lang='lat' dir='ltr'>ventum</span> <span class='ocrx_word' id='word_1_208' title='bbox 308 2115 465 2162; x_wconf 84' lang='lat' dir='ltr'>Romae</span> <span class='ocrx_word' id='word_1_209' title='bbox 479 2127 722 2175; x_wconf 88' lang='lat' dir='ltr'>emtorem‚</span> <span class='ocrx_word' id='word_1_210' title='bbox 735 2127 785 2162; x_wconf 90' lang='lat' dir='ltr'>ut</span> <span class='ocrx_word' id='word_1_211' title='bbox 798 2151 812 2175; x_wconf 89' lang='lat'>,</span> <span class='ocrx_word' id='word_1_212' title='bbox 830 2113 1061 2178; x_wconf 81' lang='lat' dir='ltr'>extemplo</span> <span class='ocrx_word' id='word_1_213' title='bbox 1076 2125 1251 2161; x_wconf 84' lang='lat' dir='ltr'>vocato</span> <span class='ocrx_word' id='word_1_214' title='bbox 1267 2129 1380 2176; x_wconf 76' lang='lat' dir='ltr'>prae·</span> 
     </span>
     <span class='ocr_line' id='line_1_29' title="bbox 97 2187 1383 2254; baseline 0.001 -22"><span class='ocrx_word' id='word_1_215' title='bbox 97 2202 237 2246; x_wconf 87' lang='lat' dir='ltr'>cone,</span> <span class='ocrx_word' id='word_1_216' title='bbox 255 2188 460 2236; x_wconf 83' lang='lat' dir='ltr'>tabernas</span> <span class='ocrx_word' id='word_1_217' title='bbox 476 2189 739 2253; x_wconf 79' lang='lat' dir='ltr'>argentarias</span> <span class='ocrx_word' id='word_1_218' title='bbox 752 2225 767 2248; x_wconf 84' lang='lat'>,</span> <span class='ocrx_word' id='word_1_219' title='bbox 786 2206 889 2254; x_wconf 84' lang='lat' dir='ltr'>quae</span> <span class='ocrx_word' id='word_1_220' title='bbox 904 2189 1023 2237; x_wconf 88' lang='lat' dir='ltr'>circa</span> <span class='ocrx_word' id='word_1_221' title='bbox 1042 2187 1194 2235; x_wconf 85' lang='lat' dir='ltr'>forum</span> <span class='ocrx_word' id='word_1_222' title='bbox 1212 2187 1383 2234; x_wconf 46' lang='lat' dir='ltr'>Roman</span> 
     </span>
     <span class='ocr_line' id='line_1_30' title="bbox 95 2258 1384 2329; baseline 0.001 -23"><span class='ocrx_word' id='word_1_223' title='bbox 95 2277 205 2307; x_wconf 87' lang='lat' dir='ltr'>num</span> <span class='ocrx_word' id='word_1_224' title='bbox 226 2272 337 2309; x_wconf 88' lang='lat' dir='ltr'>tunc</span> <span class='ocrx_word' id='word_1_225' title='bbox 364 2258 527 2322; x_wconf 81' lang='lat' dir='ltr'>essent,</span> <span class='ocrx_word' id='word_1_226' title='bbox 543 2261 715 2326; x_wconf 76' lang='lat' dir='ltr'>jusserit</span> <span class='ocrx_word' id='word_1_227' title='bbox 733 2262 906 2329; x_wconf 77' lang='lat' dir='ltr'>yenire.</span> <span class='ocrx_word' id='word_1_228' title='bbox 933 2262 1018 2309; x_wconf 84' lang='lat' dir='ltr'>His</span> <span class='ocrx_word' id='word_1_229' title='bbox 1033 2272 1186 2309; x_wconf 83' lang='lat' dir='ltr'>motus</span> <span class='ocrx_word' id='word_1_230' title='bbox 1208 2262 1264 2309; x_wconf 91' lang='lat' dir='ltr'>ad</span> <span class='ocrx_word' id='word_1_231' title='bbox 1282 2262 1384 2307; x_wconf 61' lang='lat' dir='ltr'>Tu-</span> 
     </span>
     <span class='ocr_line' id='line_1_31' title="bbox 96 2334 1388 2399; baseline 0.001 -19"><span class='ocrx_word' id='word_1_232' title='bbox 96 2334 207 2382; x_wconf 84' lang='lat' dir='ltr'>tiam</span> <span class='ocrx_word' id='word_1_233' title='bbox 232 2335 427 2383; x_wconf 79' lang='lat' dir='ltr'>fluvium</span> <span class='ocrx_word' id='word_1_234' title='bbox 459 2336 595 2386; x_wconf 87' lang='lat' dir='ltr'>castra</span> <span class='ocrx_word' id='word_1_235' title='bbox 624 2336 803 2394; x_wconf 87' lang='lat' dir='ltr'>retulit,</span> <span class='ocrx_word' id='word_1_236' title='bbox 832 2336 907 2386; x_wconf 86' lang='lat' dir='ltr'>sex</span> <span class='ocrx_word' id='word_1_237' title='bbox 934 2335 1075 2384; x_wconf 85' lang='lat' dir='ltr'>millia</span> <span class='ocrx_word' id='word_1_238' title='bbox 1096 2334 1293 2399; x_wconf 80' lang='lat' dir='ltr'>passuum</span> <span class='ocrx_word' id='word_1_239' title='bbox 1326 2335 1388 2381; x_wconf 84' lang='lat' dir='ltr'>ab</span> 
     </span>
     <span class='ocr_line' id='line_1_32' title="bbox 95 2408 1388 2477; baseline -0.001 -22"><span class='ocrx_word' id='word_1_240' title='bbox 95 2409 221 2458; x_wconf 82' lang='lat' dir='ltr'>urbe.</span> <span class='ocrx_word' id='word_1_241' title='bbox 253 2409 357 2461; x_wconf 84' lang='lat' dir='ltr'>inde</span> <span class='ocrx_word' id='word_1_242' title='bbox 381 2413 438 2459; x_wconf 83' lang='lat' dir='ltr'>ad</span> <span class='ocrx_word' id='word_1_243' title='bbox 462 2411 614 2462; x_wconf 83' lang='lat' dir='ltr'>lucum</span> <span class='ocrx_word' id='word_1_244' title='bbox 642 2410 848 2462; x_wconf 72' lang='lat' dir='ltr'>Feroniae</span> <span class='ocrx_word' id='word_1_245' title='bbox 871 2409 1018 2477; x_wconf 86' lang='lat' dir='ltr'>pergit</span> <span class='ocrx_word' id='word_1_246' title='bbox 1045 2409 1109 2456; x_wconf 79' lang='lat' dir='ltr'>ire</span> <span class='ocrx_word' id='word_1_247' title='bbox 1126 2444 1141 2468; x_wconf 95' lang='lat'>‚</span> <span class='ocrx_word' id='word_1_248' title='bbox 1161 2408 1388 2473; x_wconf 68' lang='lat' dir='ltr'>templum</span> 
     </span>
    </p>

    <p class='ocr_par' dir='ltr' id='par_1_4' title="bbox 1015 2486 1126 2544">
     <span class='ocr_line' id='line_1_33' title="bbox 1015 2486 1126 2544; baseline 0 0"><span class='ocrx_word' id='word_1_249' title='bbox 1015 2486 1059 2530; x_wconf 83' lang='lat' dir='ltr'>V</span> <span class='ocrx_word' id='word_1_250' title='bbox 1094 2501 1126 2544; x_wconf 65' lang='lat'>42</span> 
     </span>
    </p>
   </div>
  </div>
 </body>
</html>
