1628 2890
202 165 296 215 324
556 143 1116 192 TITILIVII

201 254 412 319 speciano
440 252 528 308 est,
561 251 881 313 redintegratus
911 249 1054 295 luctus
1085 258 1279 312 acceptae
1310 247 1478 306 dadis,

199 324 550 386 desideriumque
568 322 889 385 imperatorum
910 321 1181 368 amissorum.
1210 321 1373 369 Moesta
1391 322 1476 367 ita·-

196 416 290 465 que
312 397 500 454 civitas,
521 412 664 458 prope
694 394 828 457 inops
860 394 1033 440 confilii
1051 430 1064 452 ,
1086 395 1376 442 comitiorum
1404 394 1477 440 die

196 486 348 519 tamen
377 470 424 515 in
454 485 656 531 campum
684 466 936 514 descendit:
964 479 1096 529 atque
1126 467 1172 512 in
1196 468 1476 531 magistratus

198 543 315 591 =verfi
342 538 708 600 circumspeciant
730 553 814 582 ora
839 537 1120 599 principum,
1147 536 1335 584 aliorum
1362 539 1476 585 alios

198 612 493 669 intuentium,
519 609 803 672 fremuntque
816 643 829 666 ,
847 608 961 654 adeo
981 608 1172 671 perditas
1190 625 1257 656 res
1280 610 1475 672 despera·

197 700 386 750 tumque
406 685 458 730 de
477 683 708 745 republica
729 683 812 728 efi'e
825 718 838 740 ,
858 694 907 727 ut
925 699 1060 729 nemo
1080 683 1237 729 audeat
1258 683 1303 729 in
1318 684 1473 745 Hispa-

196 758 320 805 niam
344 754 582 817 imperium
604 753 820 815 accipere.
843 754 958 799 Cum
980 753 1126 799 subito
1146 755 1191 800 P.
1205 754 1473 814 Cornelius,

198 828 369 886 Publii,
405 826 486 889 qui
516 825 562 872 in
586 824 795 888 Hispania
822 824 1068 885 ceciderat,
1102 825 1244 886 filius,
1278 841 1475 892 quatuor

199 906 253 952 ὅ(
277 901 443 965 viginti
470 899 607 946 ferme
628 915 770 945 annos
796 911 954 957 natus,
980 898 1197 961 profefl‘us
1224 899 1265 946 se
1293 914 1475 963 petere,

197 979 248 1025 in
279 973 533 1038 superiore,
557 971 674 1018 unde
706 970 907 1033 conspici
934 971 1102 1034 posset,
1128 972 1236 1019 loco
1259 972 1475 1021 constitit.

196 1052 249 1096 In
278 1062 410 1110 quem
428 1043 662 1107 postquam
686 1043 890 1088 omnium
909 1059 990 1089 ora
1009 1043 1226 1091 conversa
1244 1043 1364 1103 sunt,
1382 1044 1474 1092 cla·-

196 1139 326 1171 more
359 1138 410 1167 ac
438 1118 599 1166 favore
623 1116 815 1165 ominati
847 1118 1075 1180 extemplo
1105 1118 1205 1164 sunt
1233 1118 1342 1164 felix
1372 1119 1475 1167 fau-

195 1195 403 1256 stumque
437 1189 687 1252 imperium.
725 1189 822 1251 jussi
855 1189 1013 1235 deinde
1048 1189 1161 1235 inire
1196 1188 1475 1253 suffragium,

197 1269 424 1320 adunum
454 1280 612 1310 omnes
647 1280 744 1310 non
779 1262 994 1310 centuriae
1030 1262 1201 1319 mode,
1231 1261 1304 1308 sed
1338 1264 1472 1310 etiam

195 1340 427 1394 homines,
448 1338 493 1384 P.
514 1335 714 1399 Scipioni
733 1334 967 1398 imperium
988 1333 1072 1380 effe
1090 1334 1137 1380 in
1157 1333 1367 1397 Hispania
1384 1334 1474 1397 jus-

195 1415 359 1462 serunt.
391 1413 602 1458 Ceterum
631 1408 731 1471 post
750 1424 845 1454 rem
875 1409 1013 1454 aciani
1031 1443 1045 1465 ‚
1073 1418 1122 1454 ut
1142 1405 1231 1468 jam
1253 1407 1474 1456 resederat

194 1487 388 1549 impetus
407 1482 663 1529 animorum
696 1481 920 1543 ardorque
935 1515 951 1537 ,
969 1478 1190 1525 silentium
1218 1478 1364 1526 subito
1392 1497 1473 1528 or-

194 1572 292 1607 tum
311 1555 511 1607 &tacita
539 1553 755 1618 cogitatio
770 1587 783 1608 ,
804 1551 1017 1616 quidnam
1038 1551 1246 1615 egiffent,
1271 1569 1379 1599 num
1405 1553 1473 1600 fa-

195 1649 287 1681 vor
307 1631 406 1693 plus
426 1627 657 1684 vaiuiffet,
677 1643 812 1689 quam
834 1624 974 1679 ratio,
995 1624 1135 1670 aetatis
1152 1623 1347 1670 maxime
1366 1642 1473 1688 poe-

195 1705 395 1753 nitebat:
424 1702 606 1765 quidam
629 1700 860 1746 fortunam
883 1698 1015 1744 etiam
1041 1697 1201 1744 domus
1227 1697 1472 1747 horrebant

193 1792 454 1840 nomenque
469 1810 483 1830 ,
511 1791 564 1820 ex
586 1772 766 1820 funestis
788 1771 957 1817 duabus
979 1769 1182 1828 familiis,
1200 1771 1247 1816 in
1266 1786 1337 1816 eas
1357 1788 1470 1833 pro-

192 1850 391 1905 vincias,
410 1847 489 1894 ubi
517 1847 633 1892 inter
659 1844 859 1906 sepulcra
882 1843 1019 1906 patris
1037 1843 1275 1907 patruique
1293 1858 1362 1888 res
1390 1861 1470 1907 ge-

191 1922 343 1969 rendae
369 1919 532 1976 effent,
553 1916 888 1980 proficiscentis.

258 1996 387 2042 XIX.
426 1994 577 2052 Quam
603 1990 682 2036 ubi
708 1990 762 2037 ab
782 2006 828 2036 re
850 2000 974 2036 tanto
995 1988 1163 2052 impetu
1185 1990 1278 2036 acta
1301 1988 1471 2037 sollici-⁴

187 2069 392 2115 tudinem
422 2081 670 2127 curamque·
692 2064 933 2110 hominum
958 2063 1300 2118 animadvertit3
1321 2063 1468 2110 advo-

190 2152 288 2188 cata
319 2139 545 2186 concione
560 2174 574 2196 ,
593 2137 652 2183 ita
677 2137 729 2183 de
748 2148 876 2183 aetate
895 2135 970 2183 sua
990 2135 1268 2198 imperioque
1288 2137 1470 2183 manda-

187 2223 239 2258 to
253 2247 267 2268 ,
289 2213 338 2258 &
357 2211 477 2256 bello
489 2246 502 2267 ,
520 2210 645 2272 quod
664 2208 911 2272 gerundum
928 2207 1053 2267 effet,
1071 2223 1236 2269 niagno
1256 2207 1467 2269 elatoque

188 2284 341 2332 animo
378 2283 603 2340 disseruit,
631 2295 682 2327 ut
713 2282 918 2327 ardorem
947 2298 1075 2339 eum,
1106 2282 1186 2344 qui
1222 2279 1465 2338 resederat,

188 2356 404 2405 excitaret
434 2355 581 2401 rursus
608 2366 916 2417 novaretque3
946 2357 995 2401 &
1025 2354 1228 2416 impleret
1258 2354 1466 2400 homines

190 2428 396 2480 certioris
415 2427 526 2492 spei,
547 2444 681 2493 quam
697 2439 905 2494 quantam
921 2424 1028 2474 fides
1045 2428 1246 2489 promiffi
1262 2427 1463 2488 humani,
