1628 2890
209 153 295 219 198
489 149 1119 196 ‘T1T1L1V11

201 259 370 306 tabant.
410 255 620 303 Terroris
665 253 853 316 speciem
889 253 1007 300 haud
1041 269 1202 301 vanam
1241 250 1480 299 mendacio

204 333 486 396 praebuerant
514 328 738 375 verberati
774 344 825 375 ac
860 328 996 375 securi
1026 329 1210 390 percuffi
1240 327 1481 390 transfugae

202 408 258 455 ad
279 406 370 451 duo
387 402 524 449 millia
544 402 794 450 hominum.
829 413 1025 448 ceterum
1045 402 1373 448 Leontinorum
1391 401 1482 447 mi-

203 479 424 538 litumque
445 475 635 523 aliorum
659 490 821 532 nemo,
848 472 951 536 post
971 485 1144 535 captam
1162 474 1316 521 urbem
1330 509 1344 530 ,
1370 473 1483 521 vio-

203 551 317 597 latus
339 548 479 594 fuerat
500 565 511 593 :
532 546 691 609 suaque
713 546 868 592 omnia
886 545 949 591 eis
963 581 976 603 ,
996 545 1076 592 nifi
1099 562 1198 608 quae
1222 547 1388 607 primus
1407 559 1483 591 tu-

203 624 369 671 multus
396 633 537 684 captae
555 620 677 667 urbis
697 618 983 676 absumserat,
1005 619 1358 667 restituebantur.
1383 620 1484 667 Nee

203 710 255 745 ut
276 696 525 744 Leontinos
548 694 687 752 irent,
706 691 913 755 proditos
932 692 986 737 ad
1011 691 1176 739 caedem
1206 691 1484 738 commilito-

205 787 283 818 nes
301 778 533 826 querentes
548 801 561 823 ‚
582 763 769 828 perpelli
787 776 998 826 potuere,
1019 780 1099 810 nec
1118 774 1169 809 ut
1195 763 1352 809 eodem
1374 763 1483 809 loco

206 840 448 890 certiorem
474 837 682 885 nuntium
709 835 1023 897 exspectarent.
1054 835 1170 880 Cum
1193 833 1486 881 addefeffio-

205 933 311 964 nem
330 914 569 962 inclinatos
589 910 763 958 animos
783 920 1013 956 cernerent
1032 919 1270 970 praetores‚
1292 907 1365 954 sed
1382 925 1484 955 eum

205 1008 387 1040 motum
423 986 540 1036 haud
579 987 840 1034 diuturnum
879 984 1000 1042 fore,
1039 984 1070 1030 fi
1105 983 1237 1030 duces
1278 983 1486 1030 amentiae

207 1067 365 1115 sublati
387 1066 548 1117 effent3
567 1060 810 1108 exercitum
832 1059 1003 1104 ducunt
1022 1059 1262 1120 Megaram.
1283 1055 1362 1118 ipfi
1382 1073 1487 1103 cum

208 1142 364 1206 paucis
379 1137 602 1202 equitibus
620 1132 880 1180 Herbeffum
898 1129 1266 1194 proficiscuntur,
1283 1129 1357 1191 spe
1369 1165 1381 1186 ‚
1399 1141 1490 1175 ter-

208 1216 305 1264 ritis
339 1210 579 1265 omnibus,
617 1224 696 1269 per
733 1204 1041 1267 proditionem
1078 1202 1200 1249 urbis
1241 1201 1497 1263 potiunda&

208 1288 335 1352 quod
372 1284 450 1332 ubi
484 1280 643 1327 frustra
673 1278 736 1325 eis
772 1276 860 1323 fuit
892 1275 1148 1338 inceptum,
1189 1273 1239 1323 vi
1270 1274 1490 1337 agendum

210 1360 325 1416 rati,
346 1356 527 1422 postero
557 1352 627 1398 die
660 1348 852 1413 Megaris
885 1346 1022 1395 castra
1053 1358 1273 1406 movent,
1299 1358 1350 1393 ut
1373 1347 1490 1392 Her-

209 1433 375 1483 beffum
410 1427 621 1476 omnibus
653 1424 796 1487 copiis
830 1432 1156 1485 oppugnarent.
1189 1420 1492 1483 Hippocrates
1538 1434 1549 1439 ¹·

211 1506 262 1553 &
291 1501 542 1566 Epicydes,
568 1513 664 1543 non
692 1507 780 1542 tam
807 1506 953 1540 tutum
986 1491 1128 1555 prima
1158 1490 1325 1553 specie,
1355 1506 1492 1553 quam

214 1595 350 1625 unum
369 1613 382 1634 ‚
410 1574 482 1637 spe
520 1572 719 1634 undique
756 1567 958 1626 abscissa,
990 1566 1225 1614 confilium
1263 1565 1347 1612 effe
1375 1565 1493 1625 rati,

212 1663 264 1698 ut
291 1650 333 1696 se
362 1647 581 1695 militibus
609 1642 943 1707 permitterent,
970 1640 1019 1686 &
1046 1638 1220 1686 affuetis
1249 1655 1407 1702 magna
1430 1654 1490 1685 ex

212 1736 336 1788 parte
357 1722 462 1778 fibi,
482 1722 641 1768 &tum
662 1717 776 1765 fama
796 1715 928 1762 caedis
946 1711 1309 1762 commilitonum
1326 1727 1490 1759 accen-

213 1798 296 1855 fis,
325 1795 512 1843 obviam
541 1791 707 1854 agmini
741 1789 1009 1853 procedunt.
1042 1784 1188 1831 Prima
1217 1783 1335 1829 forte
1368 1782 1489 1846 figna

213 1871 525 1918 sexcentorum
544 1863 825 1913 Cretensium
850 1870 998 1917 erant,
1018 1857 1093 1921 qui
1119 1857 1234 1918 apud
1254 1855 1491 1918 Hierony-q

213 1961 337 1992 mum
366 1951 618 1989 meruerant
646 1939 723 1984 sub
749 1937 832 1989 eis,
859 1936 908 1982 &
936 1930 1194 1980 Hannibalis
1224 1927 1493 1976 beneficium

214 2016 436 2062 habebant
450 2048 467 2072 ,
486 2011 602 2074 capti
632 2009 687 2057 ad
703 2007 1009 2055 Trafimenum
1039 2004 1154 2051 inter
1174 2004 1492 2051 Romanorum

214 2087 405 2144 auxilia,
436 2084 695 2145 climiffique.
716 2097 831 2144 quos
848 2078 926 2125 ubi
943 2095 998 2125 ex
1022 2076 1151 2140 signis
1170 2091 1491 2137 armorumque

215 2158 371 2204 habitu
394 2170 655 2220 cognovere
675 2151 972 2214 Hippocrates
994 2160 1125 2211 atque
1146 2144 1372 2208 Epicydes
1386 2179 1400 2201 ,
1421 2160 1492 2190 ra-

216 2247 318 2278 mos
342 2230 453 2276 oleae
470 2246 519 2275 ac
535 2226 790 2274 velamenta
815 2223 899 2270 alia
918 2220 1166 2284 supplicum
1185 2217 1493 2281 porrigentes,¹

218 2317 376 2357 orare,
405 2318 450 2346 ut
478 2302 688 2358 reciperem
704 2297 825 2357 fise,
851 2296 1096 2355 receptosque
1127 2305 1380 2345 canerentur,
1411 2305 1493 2334 neta

209 2379 427 2438 proderent
461 2374 763 2435 Syracufimis,
782 2390 809 2415 a
840 2371 984 2430 quibus
1016 2385 1117 2413 mox
1148 2364 1229 2430 ipst
1255 2363 1499 2410 trucidandi·

214 2453 370 2512 populo
387 2450 582 2495 Romano
605 2448 853 2493 dederentur.

1592 2212 1603 2217 ι

1621 2842 1625 2890 ’-
1619 2770 1624 2834 *⁴⁴-
1617 2279 1628 2766 *Qu-*emm
