1628 2890
295 148 839 198 HISTORIARUM
874 150 1002 197 LIB.
1036 147 1262 197 XXVII.
1340 163 1434 214 453

150 262 298 315 quunt
329 252 461 314 signa.
493 252 768 310 Hasdrubal,
787 254 892 300 dum
912 253 989 300 lux
1018 254 1139 302 viam
1159 253 1438 310 ostenderet,

147 325 246 387 ripa
293 324 490 371 fluminis
536 325 657 389 signa
694 325 800 372 ferri
833 325 957 387 jubet
989 346 999 375 :
1036 329 1084 375 &
1126 344 1206 390 per
1244 326 1435 374 tortuosi

149 397 292 445 amnis
319 397 436 443 finus
463 397 691 462 flexusque
722 400 922 445 errorem
951 398 1150 447 volvens
1177 398 1294 447 haud
1322 398 1436 445 mul-

149 482 245 517 tum
264 469 501 531 proceffit‚
521 470 595 517 ubi
613 471 756 533 prima
776 470 855 517 lux
871 472 1101 519 transitum
1122 483 1435 534 opportunum

148 542 434 600 ostendisset,
470 542 746 589 transiturus.
782 542 856 590 sed
890 561 990 590 cum
1014 580 1027 601 ‚
1060 556 1275 607 quantum
1314 560 1434 590 mare

146 615 440 673 abscedebat,
476 628 604 662 tanto
635 615 869 663 altioribus
905 616 1219 664 coercentibus
1254 628 1432 662 amnem

146 687 281 750 ripis,
320 704 416 733 non
452 687 678 735 inveniret
711 688 847 746 vada,
879 688 994 736 diem
1021 689 1209 737 terendo
1244 688 1431 751 spatium

144 761 269 807 dedit
298 761 352 806 ad
380 760 706 823 insequendum
730 759 816 807 sese
843 760 977 808 hosti.

213 833 413 880 XLVIII.
444 833 570 878 Nero
600 832 794 895 primum
822 851 925 881 cum
958 833 1085 880 omni
1116 834 1317 898 equitatu
1350 834 1430 880 ad.-

144 905 289 953 venit.
314 904 500 952 Porcius
521 904 680 952 deinde
704 905 918 951 assecutus
939 922 1041 952 cum
1074 906 1163 954 levi
1192 918 1429 952 armatura.

145 977 242 1037 Qui
280 994 381 1023 cum
416 976 571 1023 feffum
605 993 763 1039 agmen
799 989 1032 1038 carperent
1062 977 1116 1023 ab
1149 977 1275 1023 omni
1306 991 1431 1038 parte

143 1049 536 1114 incursarentque,
556 1050 607 1097 δὲ
629 1049 742 1110 jam,
772 1050 933 1096 omiffo
960 1050 1146 1108 itinere,
1164 1051 1287 1112 quod
1312 1049 1429 1113 fugae

141 1123 284 1170 simile
315 1135 436 1182 erat,
463 1122 603 1171 castra
631 1122 787 1169 metari
816 1125 982 1171 Poenus
1009 1124 1054 1169 in
1093 1125 1267 1170 tumulo
1298 1124 1433 1186 super

141 1193 342 1240 fluminis
365 1195 508 1256 ripam
539 1193 703 1250 vellet3
723 1194 905 1243 advenit
931 1195 1086 1243 Livius
1106 1196 1306 1258 peditum
1327 1212 1428 1242 orn·-

141 1265 276 1312 nibus
295 1266 471 1328 copiis,
490 1282 586 1313 non
616 1266 787 1314 itineris
816 1267 983 1327 modo,
1003 1267 1074 1314 sed
1099 1267 1154 1314 ad
1183 1267 1427 1315 conseren-

139 1339 250 1385 dum
276 1339 507 1402 extemplo
533 1340 750 1402 proelium
781 1340 1001 1390 instruffis
1031 1340 1309 1405 armatisque.
1341 1340 1429 1386 Sed

141 1412 225 1460 ubi
259 1429 418 1460 omnes
452 1414 606 1476 copias
633 1413 972 1476 conjunxerunt
984 1451 1005 1472 ‚,
1030 1416 1280 1479 directaque
1311 1414 1431 1462 acies.

139 1485 233 1544 est,
264 1484 485 1534 Claudius
510 1486 671 1534 dextro
703 1487 750 1534 in
783 1504 956 1545 cornu,
981 1487 1137 1535 Livius
1166 1488 1221 1535 ab
1251 1486 1431 1534 finistm»

141 1574 341 1622 pugnam
360 1558 538 1606 instruit
559 1578 576 1609 ε,
589 1559 732 1607 media
749 1559 863 1608 acies
883 1559 1068 1623 praetori
1097 1558 1258 1606 tuenda
1279 1558 1425 1615 datur,

139 1630 417 1691 Hasdrubal,
440 1633 597 1681 omiss‘a
617 1633 873 1681 munitione
899 1633 1168 1692 castrorum,
1188 1632 1429 1696 postquam

140 1705 433 1767 pugnandum
467 1705 611 1765 vidit,
647 1706 695 1753 in
737 1707 881 1770 prima
916 1706 1012 1755 acie
1049 1716 1150 1754 ante
1179 1705 1298 1769 signa
1332 1706 1425 1752 ele-

140 1776 340 1839 phantos
364 1777 577 1826 collocat.
610 1779 728 1827 circa
761 1796 839 1827 eos
866 1779 986 1827 laevo
1015 1778 1060 1824 in
1090 1795 1235 1825 cornu
1261 1778 1425 1824 adver-

140 1851 213 1899 sus
242 1851 482 1900 Claudium
508 1853 667 1900 Gallos
700 1852 923 1915 opponit,
942 1850 1057 1898 haud
1086 1861 1254 1896 tantum
1280 1851 1342 1895 eis
1373 1848 1426 1894 fi·-

140 1923 279 1982 dens,
311 1937 526 1987 quantum
550 1924 605 1971 ab
638 1923 761 1970 hoste
790 1923 937 1970 timeri
969 1939 1047 1970 eos
1079 1923 1299 1970 credebat.
1335 1922 1428 1983 ipse

139 1996 350 2042 dextrum
381 2013 527 2043 cornu
553 1995 761 2043 adversus
790 1998 853 2042 M.
879 1995 1058 2041 Livium
1082 1994 1160 2040 fibi
1191 2006 1322 2056 atque
1342 1994 1427 2039 Hi-

139 2067 287 2130 spanis
317 2067 393 2131 (&
427 2068 491 2115 ibi
522 2068 716 2115 maxime
746 2068 792 2115 in
826 2080 986 2115 vetere
1015 2068 1157 2114 milite
1187 2067 1308 2130 spem
1344 2068 1424 2113 ha-

140 2138 310 2203 bebat)
344 2139 508 2186 sumsit.
553 2139 734 2202 Ligures
765 2139 811 2185 in
841 2139 995 2185 medio
1023 2138 1123 2201 post
1160 2138 1426 2201 elephantos

141 2212 303 2274 pofiti3
325 2211 397 2258 sed
417 2211 628 2275 longior,
651 2229 783 2275 quarn
810 2212 971 2269 latior,
992 2212 1109 2258 acies
1127 2223 1233 2257 erat.
1263 2211 1425 2257 Gallos

139 2284 405 2349 prominens
434 2285 566 2332 collis
592 2285 780 2348 tegebar.
815 2287 878 2332 Ea
904 2284 1055 2340 frons,
1075 2300 1207 2346 quam
1236 2282 1423 2346 Hispani

139 2357 378 2416 tenebant,
400 2375 505 2405 cum
534 2357 708 2405 sinistro
731 2358 1045 2405 Romanorum
1066 2372 1210 2403 cornu
1229 2373 1424 2404 concute

140 2428 214 2478 rit.
252 2429 408 2477 dextra
451 2431 601 2479 omnis
643 2430 758 2480 acies
796 2443 922 2478 extra
964 2433 1182 2495 proelium
1223 2433 1423 2481 eminens

1040 2502 1160 2566 ff}
