1628 2890
232 144 326 188 410
583 125 1152 172 TITILIVII

229 232 384 287 subiit3
407 233 480 289 &,
502 229 605 277 dum
626 229 783 293 pedem
804 227 1005 275 referunt
1019 264 1033 286 ‚
1054 245 1108 275 ne
1134 228 1188 274 ab
1209 239 1335 290 tergo
1354 226 1517 276 vulne:

230 316 462 362 farentur,
484 304 632 349 laxata
655 302 797 366 prima
828 301 944 349 acies
960 337 974 360 ‚
1003 300 1216 363 locusque
1238 302 1292 347 ad
1317 302 1518 348 evaden-

228 380 335 426 dum
360 378 410 424 &
443 377 602 424 mediis
626 377 751 423 datus
777 375 861 433 est3
883 375 964 439 qui
994 391 1073 437 per
1094 386 1183 421 tam
1216 374 1422 436 iniquum
1444 374 1517 420 lo-

228 470 365 509 cum,
398 451 612 498 stantibus
650 450 835 514 integris
874 448 1143 504 ordinibus,
1179 445 1517 510 elephantisque

227 537 330 573 ante
371 525 491 588 signa
528 524 716 581 locatis,
750 540 984 587 nunquam
1018 520 1264 576 eva-iissent.
1302 521 1422 567 Cum
1460 521 1520 568 ab

227 597 356 644 omni
386 608 511 660 parte
539 597 681 657 caedes
710 595 866 654 fieret,
894 595 1080 658 Scipio,
1109 593 1190 658 qui
1218 592 1339 641 laevo
1371 610 1518 641 cornu

225 669 272 717 in
296 671 506 718 dextrum
531 668 866 728 incucurrerat,
890 668 1086 715 maxime
1106 667 1152 713 in
1174 666 1294 713 nuda
1319 666 1517 713 hostium

227 744 363 791 latera
397 744 632 807 pugnabat.
668 745 725 789 Et
757 741 847 804 jam
878 758 935 789 ne
971 740 1091 806 fugae
1125 739 1307 804 quidem
1340 739 1525 803 patebat

225 817 373 864 locus.
418 833 522 863 nam
555 817 606 865 &
636 814 848 863 stationes
874 814 1088 878 utrinque
1116 814 1337 859 Romanae
1365 811 1520 859 dextra

227 888 432 953 laevaque
451 888 702 936 insederant
721 888 843 936 vias:
862 889 910 935 δε
928 901 1106 950 portam
1125 885 1369 932 castrorum
1390 883 1519 931 ducis

229 964 577 1028 principumque
614 964 718 1028 fuga
755 962 996 1019 clausera‘c3
1032 961 1180 1008 addita
1217 958 1520 1023 trepidatione

228 1037 573 1100 elephantorum
590 1074 604 1094 ‚
626 1055 742 1100 quos
767 1036 950 1083 territos
979 1052 1106 1098 aeque
1127 1046 1263 1098 atque
1284 1032 1434 1080 hostes
1460 1032 1519 1079 ti-

226 1110 424 1157 mebant.
445 1109 568 1157 Caesa
591 1109 728 1174 igitur
749 1108 805 1156 ad
823 1109 930 1155 osto
952 1107 1088 1155 millia
1107 1106 1361 1154 hominum.

297 1183 426 1230 XIX.
458 1181 706 1229 Hasdrubal
725 1181 812 1243 jam
840 1192 942 1228 ante
957 1215 972 1238 ‚
1000 1197 1136 1243 quam
1160 1178 1392 1225 dimicaret
1407 1213 1422 1233 .,
1443 1193 1522 1240 pe-

228 1254 363 1304 cunia
382 1266 535 1318 rapta,
564 1253 901 1319 elephantisque
920 1251 1178 1316 praemiffis‚
1210 1266 1345 1313 quam
1376 1250 1523 1312 pluri-

230 1344 331 1375 mos
356 1338 535 1390 poterat
565 1327 618 1373 de
652 1327 757 1392 fuga
776 1325 1004 1390 excipiens
1022 1361 1037 1383 ‚
1065 1336 1224 1387 praeter
1237 1325 1413 1385 Tagum
1434 1322 1524 1368 flu-

230 1420 334 1461 men
367 1403 421 1450 ad
439 1404 708 1467 Pyrenaeum
733 1401 893 1449 tendit.
931 1399 1117 1463 Scipio,
1143 1396 1291 1445 castris
1323 1396 1522 1443 hostium
1565 1434 1569 1437 Δ

232 1478 435 1542 potitus,
471 1494 572 1526 cum
604 1488 765 1540 praeter
791 1475 933 1522 libera
953 1472 1098 1537 capita
1116 1487 1300 1518 omnem
1326 1468 1523 1532 praedam

229 1551 448 1598 militibus
483 1549 791 1608 conceffiffet,
825 1548 875 1594 in
906 1544 1188 1595 recensendis
1224 1542 1416 1606 captivis
1445 1541 1523 1587 de-

229 1640 329 1672 cem
362 1622 501 1669 millia
529 1621 763 1685 peditum,
795 1621 890 1668 duo
918 1619 1057 1667 millia
1093 1617 1298 1682 equitum
1327 1614 1524 1662 invenit.

231 1714 289 1744 ex
318 1696 371 1743 iis
398 1695 622 1759 Hispanos
651 1695 743 1741 fine
765 1694 913 1758 pretio
934 1710 1093 1741 omnes
1124 1692 1311 1738 domum
1340 1688 1524 1736 dimisit:

233 1768 375 1816 Afros
409 1769 608 1814 vendere
639 1768 909 1830 quaestorem
933 1765 1067 1828 juffit.
1101 1761 1387 1812 Circumfusa
1420 1760 1526 1808 inde

232 1839 479 1887 multitudo
499 1837 803 1901 Hispanorum
817 1875 833 1896 ,
858 1840 909 1886 &
931 1849 1033 1884 ante
1054 1836 1310 1882 deditorum
1325 1869 1339 1892 ‚
1359 1834 1409 1880 &
1428 1832 1525 1896 pri-

232 1916 306 1962 die
332 1926 568 1979 captorum
584 1951 600 1971 ,
633 1929 784 1977 regem
802 1930 906 1960 eum
926 1911 1098 1977 ingenti
1118 1909 1341 1957 consensu
1367 1907 1525 1971 appel-

231 1988 362 2035 lavit.
395 1988 518 2034 Tum
538 1986 724 2049 Scipio,
756 1985 934 2032 silentio
963 2001 1043 2048 per
1078 1998 1341 2047 praeconem
1373 1980 1526 2038 facto,

226 2063 310 2128 fibi
337 2050 574 2108 maximum
610 2080 759 2107 nomen
780 2061 1041 2121 imperatoris
1073 2057 1146 2121 effe
1163 2092 1179 2115 ,
1212 2054 1355 2111 dixit,
1381 2073 1459 2116 quo
1475 2055 1527 2115 fi

234 2139 385 2183 milites
399 2139 476 2198 fici
511 2135 794 2200 appellaffeszt.
825 2139 978 2197 regium
1006 2151 1155 2180 nomen
1176 2134 1282 2177 alibi
1300 2148 1527 2191 magnum,

238 2212 384 2255 Romae
414 2212 672 2255 intolerabile
690 2208 771 2272 effe.
802 2212 996 2271 Regalem
1025 2209 1213 2252 animum
1241 2207 1288 2250 in
1303 2205 1354 2264 se
1372 2201 1531 2266 effi5si

240 2286 291 2333 id
313 2285 358 2328 in
391 2284 572 2327 hominis
598 2285 764 2342 ingenio
782 2279 1070 2342 attffllffmum
1090 2280 1300 2331 ducerent,
1319 2277 1438 2320 tacite
1451 2273 1527 2328 ju-

244 2357 430 2402 dicarem
441 2373 462 2411 ;
494 2355 608 2399 vocis
625 2355 893 2413 usurpatione
911 2353 1163 2416 abstinerent.
1191 2346 1372 2394 Sensere
1392 2346 1527 2391 etiam

238 2427 417 2478 barbari
444 2427 800 2493 magnitudinem
831 2425 1004 2482 animig,
1035 2422 1161 2485 cujus
1191 2420 1411 2470 miraculo
1440 2435 1529 2466 no-
