1628 2890
267 170 815 220 HISTORIARUM
849 169 980 215 LIB.
1015 168 1225 214 XXIV.
1300 170 1382 231 153

106 281 174 329 ria
193 281 353 336 essent,
369 278 574 326 ostendit.
594 294 696 324 nam
711 276 788 341 qui
803 293 881 339 per
896 287 966 322 tot
981 292 1124 323 annos
1140 275 1393 324 Hieronem

105 355 341 418 filiumque
385 352 482 414 ejus
515 352 771 409 Gelonem,
811 368 894 398 nec
927 351 1059 413 vestis
1090 350 1274 409 habitu,
1306 368 1391 398 nec

102 429 197 476 alio
227 429 322 476 ullo
347 426 506 491 insigni
535 426 788 473 differentes
812 442 836 471 a
862 425 1017 472 ceteris
1045 425 1222 472 civibus
1251 425 1394 472 vidis-

105 501 224 561 sent,
252 500 528 563 conspexere
550 498 823 562 purpuram,
844 515 893 544 ac
913 498 1135 563 diadema,
1155 516 1206 545 ac
1231 498 1394 546 satelli-

80 614 83 617 *
106 589 172 622 tes
194 566 415 631 armatos;
435 572 747 639 quadrigisque
780 573 910 619 etiam
935 574 1142 620 alborum
1170 591 1392 637 equorum

104 650 329 698 interdum
367 666 423 696 ex
461 647 579 710 regia
618 646 939 707 procedentem
955 682 969 704 ,
1000 662 1129 692 more
1169 646 1395 710 Dionysii

104 723 308 788 tyranni.
347 723 479 768 Hunc
507 732 594 765 tam
619 717 857 780 superbum
877 730 1138 780 apparatum
1163 719 1394 766 habitum-

102 813 193 859 que
224 794 550 842 convenientes
581 789 878 853 sequebantur
909 802 1164 837 contemtus
1187 792 1394 838 omnium

103 868 347 916 hominum
362 903 375 926 ‚
397 865 595 928 superbae
614 879 769 921 aure5‚
789 862 1119 909 contumeliosa
1141 864 1254 910 dic‘ta
1270 900 1284 922 ,
1305 864 1393 913 rari

104 943 278 1000 aditus,
307 957 404 987 non
426 938 581 986 alienis
602 937 773 995 modo,
797 935 872 982 sed
900 937 1125 985 tutoribus
1152 939 1284 985 etiam
1298 975 1312 998 ,
1336 940 1392 985 li·-

104 1017 281 1065 bidines
302 1032 468 1073 novae,
499 1012 745 1059 inhumana
776 1008 1028 1056 crudelitas.
1061 1012 1213 1074 Itaque
1243 1024 1394 1060 tantus

103 1105 265 1136 omnes
285 1100 431 1134 terror
453 1083 676 1131 invaserat
689 1119 700 1139 ,
722 1094 774 1128 ut
792 1082 975 1144 quidam
995 1099 1052 1129 ex
1071 1083 1296 1130 tutoribus
1316 1098 1395 1132 aut

103 1175 256 1211 morte
295 1159 581 1217 voluntaria,
611 1170 687 1205 ant
720 1156 824 1221 fuga
863 1169 1183 1219 praeverterent
1220 1172 1394 1208 metunt

103 1236 445 1300 suppliciorum.
464 1235 577 1280 Tres
599 1249 654 1279 ex
674 1230 750 1290 iis,
767 1229 930 1294 quibus
950 1228 1056 1275 solis
1074 1230 1217 1276 aditus
1236 1231 1284 1277 in
1308 1233 1395 1279 do-

103 1327 230 1356 mum
256 1306 519 1354 familiarior
544 1318 666 1363 erat,
692 1302 1049 1351 Andranodorus
1080 1303 1131 1349 ὅ(
1156 1303 1359 1367 Zoippus
1377 1342 1393 1365 ,

103 1383 259 1448 generi
279 1381 512 1439 Hieronis,
532 1382 582 1428 &
599 1378 772 1446 Thraso
794 1377 973 1441 quidam
987 1413 1000 1436 ‚
1022 1377 1075 1423 de
1096 1377 1193 1424 aliis
1211 1379 1392 1442 quidem

105 1454 239 1502 rebus
264 1455 383 1502 haud
410 1469 682 1518 magnopere
711 1451 1031 1498 audiebantur:
1058 1452 1288 1500 tendendo
1315 1471 1394 1500 au—

105 1542 198 1578 tem
226 1531 317 1577 duo
337 1530 393 1577 ad
411 1525 826 1590 Carthaginienses,
849 1525 1026 1571 Thraso
1056 1527 1110 1571 ad
1133 1524 1392 1576 societatem

103 1607 357 1654 Romanam
371 1641 385 1662 ,
404 1602 646 1651 certamine
667 1618 718 1648 ac
736 1597 885 1648 studiis
905 1600 1132 1647 interdum
1152 1600 1198 1648 in
1219 1600 1260 1648 se
1282 1620 1394 1651 con·

106 1680 344 1726 vertebant
363 1677 564 1724 animum
581 1674 874 1722 adolescentis
892 1693 903 1722 :
924 1692 1026 1722 cum
1048 1673 1328 1735 conjuratio,
1345 1677 1396 1724 in

106 1751 292 1816 tyranni
321 1766 454 1814 caput
484 1749 622 1808 faeta,
648 1748 873 1796 indicatur
901 1765 981 1811 per
1009 1749 1216 1795 calonem
1246 1766 1393 1812 quen-

105 1826 207 1871 dam
224 1862 238 1880 ‚
258 1824 475 1887 aequalem
504 1822 811 1886 Hieronymi,
831 1824 879 1870 δέ
898 1821 1108 1884 jam'inde
1128 1841 1153 1869 a
1179 1832 1324 1886 puer-o
1345 1826 1392 1871 in

106 1897 262 1944 omnia
282 1896 513 1943 familiaria
530 1894 628 1957 jura
643 1895 869 1942 affuetum.
890 1895 1029 1941 Index
1048 1913 1187 1942 unum
1206 1913 1262 1942 ex
1282 1914 1393 1943 con-

58 1966 63 1969 ’
106 1970 261 2033 juratis
282 1970 598 2027 Theodotum,
618 1988 643 2016 a
663 1985 755 2032 quo
785 1967 875 2032 ipse
897 1969 1144 2032 appellatus
1166 1983 1281 2027 erat,
1306 1987 1390 2016 no*

106 2043 279 2089 minare
301 2041 465 2104 potuit.
496 2041 572 2104 qui
600 2040 947 2103 comprehensus
967 2041 1225 2102 extemplo,
1256 2043 1391 2089 tradi·

106 2114 268 2179 tusque
299 2113 633 2160 Andranodoro
659 2113 961 2176 torquendus,
991 2113 1044 2158 de
1078 2112 1119 2158 se
1150 2112 1242 2175 ipse
1275 2114 1393 2161 'nand

106 2189 368 2237 cunctanter
389 2186 547 2244 faffus,
570 2186 777 2235 conscios
800 2187 984 2234 celabat.
1014 2186 1269 2249 postremo,
1287 2205 1391 2235 cum

105 2261 321 2309 omnibus
340 2260 630 2307 intolerandis
651 2261 877 2323 patientiae
896 2260 1099 2306 humanae
1117 2260 1390 2308 cruciatibus

105 2334 405 2392 laceraretur,
437 2333 607 2380 vietum
636 2333 764 2380 malis
798 2332 841 2379 se
875 2333 1106 2391 simulans,
1139 2332 1304 2379 avertit
1335 2334 1392 2380 ab

105 2405 300 2454 consciis
331 2406 378 2453 in
402 2406 601 2453 insontes
624 2406 839 2453 indicium
859 2404 1170 2470 (Thrasonem
1199 2407 1282 2452 ess'e
1313 2424 1390 2452 au-

109 2480 278 2527 &orem
296 2479 470 2528 confilii
488 2480 725 2539 mentitus,
746 2497 852 2539 nec,
872 2479 951 2527 nisi
971 2490 1058 2525 tam
1081 2478 1258 2540 potenti
1276 2479 1391 2527 duce

1053 2552 1089 2596 L
1127 2566 1153 2596 2
