<?xml version="1.0" encoding="UTF-8"?>
<!DOCTYPE html PUBLIC "-//W3C//DTD XHTML 1.0 Transitional//EN"
    "http://www.w3.org/TR/xhtml1/DTD/xhtml1-transitional.dtd">
<html xmlns="http://www.w3.org/1999/xhtml" xml:lang="en" lang="en">
 <head>
  <title>
</title>
<meta http-equiv="Content-Type" content="text/html;charset=utf-8" />
  <meta name='ocr-system' content='tesseract 3.04.00' />
  <meta name='ocr-capabilities' content='ocr_page ocr_carea ocr_par ocr_line ocrx_word'/>
</head>
<body>
  <div class='ocr_page' id='page_1' title='image "./historiarumlibri04livyuoft_0149.png"; bbox 0 0 1628 2890; ppageno 0'>
   <div class='ocr_carea' id='block_1_1' title="bbox 0 524 26 563">
    <p class='ocr_par' dir='ltr' id='par_1_1' title="bbox 0 524 26 563">
     <span class='ocr_line' id='line_1_1' title="bbox 0 524 26 563; textangle 90"><span class='ocrx_word' id='word_1_1' title='bbox 0 524 26 563; x_wconf 56' lang='lat' dir='ltr'><strong>&amp;F</strong></span> 
     </span>
    </p>
   </div>
   <div class='ocr_carea' id='block_1_2' title="bbox 222 166 1367 225">
    <p class='ocr_par' dir='ltr' id='par_1_2' title="bbox 222 166 1367 225">
     <span class='ocr_line' id='line_1_2' title="bbox 222 166 1367 225; baseline -0.005 -7"><span class='ocrx_word' id='word_1_2' title='bbox 222 168 795 218; x_wconf 85' lang='lat' dir='ltr'><strong>HISTORIARUM</strong></span> <span class='ocrx_word' id='word_1_3' title='bbox 842 166 1212 214; x_wconf 81' lang='lat' dir='ltr'><strong>LIB.XX111.</strong></span> <span class='ocrx_word' id='word_1_4' title='bbox 1285 182 1367 225; x_wconf 83' lang='lat'><strong>14¹</strong></span> 
     </span>
    </p>
   </div>
   <div class='ocr_carea' id='block_1_3' title="bbox 90 270 1399 2535">
    <p class='ocr_par' dir='ltr' id='par_1_3' title="bbox 90 270 1399 1508">
     <span class='ocr_line' id='line_1_3' title="bbox 90 270 1373 336; baseline -0.005 -14"><span class='ocrx_word' id='word_1_5' title='bbox 90 274 134 322; x_wconf 90' lang='lat' dir='ltr'><strong>se</strong></span> <span class='ocrx_word' id='word_1_6' title='bbox 165 273 286 335; x_wconf 74' lang='lat' dir='ltr'><strong>aestas</strong></span> <span class='ocrx_word' id='word_1_7' title='bbox 314 272 604 336; x_wconf 77' lang='lat' dir='ltr'><strong>circumegit,</strong></span> <span class='ocrx_word' id='word_1_8' title='bbox 638 289 772 336; x_wconf 89' lang='lat' dir='ltr'><strong>quam</strong></span> <span class='ocrx_word' id='word_1_9' title='bbox 795 288 985 319; x_wconf 87' lang='lat' dir='ltr'><strong>movere</strong></span> <span class='ocrx_word' id='word_1_10' title='bbox 1004 281 1055 318; x_wconf 85' lang='lat' dir='ltr'><strong>ac</strong></span> <span class='ocrx_word' id='word_1_11' title='bbox 1073 270 1227 318; x_wconf 87' lang='lat' dir='ltr'><strong>moliri</strong></span> <span class='ocrx_word' id='word_1_12' title='bbox 1245 270 1373 335; x_wconf 88' lang='lat' dir='ltr'><strong>quid-</strong></span> 
     </span>
     <span class='ocr_line' id='line_1_4' title="bbox 90 343 1374 410; baseline -0.002 -18"><span class='ocrx_word' id='word_1_13' title='bbox 90 363 224 410; x_wconf 84' lang='lat' dir='ltr'>quam</span> <span class='ocrx_word' id='word_1_14' title='bbox 256 362 335 392; x_wconf 85' lang='lat' dir='ltr'><strong>rex</strong></span> <span class='ocrx_word' id='word_1_15' title='bbox 362 345 531 408; x_wconf 70' lang='lat' dir='ltr'><strong>posset:</strong></span> <span class='ocrx_word' id='word_1_16' title='bbox 563 357 733 392; x_wconf 88' lang='lat' dir='ltr'><strong>tantum</strong></span> <span class='ocrx_word' id='word_1_17' title='bbox 762 344 889 391; x_wconf 86' lang='lat' dir='ltr'><strong>navis</strong></span> <span class='ocrx_word' id='word_1_18' title='bbox 915 362 1006 391; x_wconf 87' lang='lat' dir='ltr'><strong>una</strong></span> <span class='ocrx_word' id='word_1_19' title='bbox 1035 355 1164 406; x_wconf 86' lang='lat' dir='ltr'><strong>capta</strong></span> <span class='ocrx_word' id='word_1_20' title='bbox 1190 361 1293 391; x_wconf 90' lang='lat' dir='ltr'><strong>cum</strong></span> <span class='ocrx_word' id='word_1_21' title='bbox 1313 343 1374 389; x_wconf 88' lang='lat' dir='ltr'><strong>le-</strong></span> 
     </span>
     <span class='ocr_line' id='line_1_5' title="bbox 93 407 1376 484; baseline -0.002 -17"><span class='ocrx_word' id='word_1_22' title='bbox 93 421 204 484; x_wconf 86' lang='lat' dir='ltr'><strong>gatis</strong></span> <span class='ocrx_word' id='word_1_23' title='bbox 221 418 439 466; x_wconf 84' lang='lat' dir='ltr'>momenti</span> <span class='ocrx_word' id='word_1_24' title='bbox 457 418 588 477; x_wconf 87' lang='lat' dir='ltr'><strong>fecit,</strong></span> <span class='ocrx_word' id='word_1_25' title='bbox 611 420 666 465; x_wconf 87' lang='lat' dir='ltr'><strong>ad</strong></span> <span class='ocrx_word' id='word_1_26' title='bbox 689 417 951 465; x_wconf 87' lang='lat' dir='ltr'><strong>dilationem</strong></span> <span class='ocrx_word' id='word_1_27' title='bbox 972 407 1246 465; x_wconf 79' lang='lat' dir='ltr'><strong>imminentis</strong></span> <span class='ocrx_word' id='word_1_28' title='bbox 1279 418 1376 465; x_wconf 87' lang='lat' dir='ltr'><strong>Ro-</strong></span> 
     </span>
     <span class='ocr_line' id='line_1_6' title="bbox 92 489 1377 554; baseline -0.002 -15"><span class='ocrx_word' id='word_1_29' title='bbox 92 492 236 539; x_wconf 86' lang='lat' dir='ltr'><strong>manis</strong></span> <span class='ocrx_word' id='word_1_30' title='bbox 266 490 384 538; x_wconf 86' lang='lat' dir='ltr'><strong>belli.</strong></span> <span class='ocrx_word' id='word_1_31' title='bbox 421 494 477 538; x_wconf 85' lang='lat' dir='ltr'><strong>Et</strong></span> <span class='ocrx_word' id='word_1_32' title='bbox 503 491 623 538; x_wconf 84' lang='lat' dir='ltr'><strong>circa</strong></span> <span class='ocrx_word' id='word_1_33' title='bbox 643 491 876 552; x_wconf 86' lang='lat' dir='ltr'><strong>Capuam,</strong></span> <span class='ocrx_word' id='word_1_34' title='bbox 903 489 1167 554; x_wconf 76' lang='lat' dir='ltr'><strong>transgresso</strong></span> <span class='ocrx_word' id='word_1_35' title='bbox 1189 489 1377 536; x_wconf 87' lang='lat' dir='ltr'><strong>Vultur-</strong></span> 
     </span>
     <span class='ocr_line' id='line_1_7' title="bbox 93 562 1379 627; baseline -0.002 -16"><span class='ocrx_word' id='word_1_36' title='bbox 93 582 203 612; x_wconf 86' lang='lat' dir='ltr'><strong>num</strong></span> <span class='ocrx_word' id='word_1_37' title='bbox 239 563 376 611; x_wconf 86' lang='lat' dir='ltr'><strong>Fabio</strong></span> <span class='ocrx_word' id='word_1_38' title='bbox 407 563 508 627; x_wconf 90' lang='lat' dir='ltr'><strong>post</strong></span> <span class='ocrx_word' id='word_1_39' title='bbox 541 563 718 625; x_wconf 79' lang='lat' dir='ltr'><strong>expiata</strong></span> <span class='ocrx_word' id='word_1_40' title='bbox 751 563 933 609; x_wconf 88' lang='lat' dir='ltr'><strong>tandem</strong></span> <span class='ocrx_word' id='word_1_41' title='bbox 966 563 1209 626; x_wconf 82' lang='lat' dir='ltr'><strong>prodigia,</strong></span> <span class='ocrx_word' id='word_1_42' title='bbox 1241 562 1379 610; x_wconf 88' lang='lat' dir='ltr'><strong>ambo</strong></span> 
     </span>
     <span class='ocr_line' id='line_1_8' title="bbox 94 635 1377 699; baseline 0 -16"><span class='ocrx_word' id='word_1_43' title='bbox 94 635 301 684; x_wconf 79' lang='lat' dir='ltr'><strong>consules</strong></span> <span class='ocrx_word' id='word_1_44' title='bbox 320 653 415 682; x_wconf 88' lang='lat' dir='ltr'><strong>rem</strong></span> <span class='ocrx_word' id='word_1_45' title='bbox 446 636 670 699; x_wconf 78' lang='lat' dir='ltr'><strong>gerebant.</strong></span> <span class='ocrx_word' id='word_1_46' title='bbox 705 635 1096 694; x_wconf 79' lang='lat' dir='ltr'><strong>Combulteriam,</strong></span> <span class='ocrx_word' id='word_1_47' title='bbox 1132 638 1182 683; x_wconf 88' lang='lat'>&amp;</span> <span class='ocrx_word' id='word_1_48' title='bbox 1203 637 1377 684; x_wconf 87' lang='lat' dir='ltr'><strong>Trebu-</strong></span> 
     </span>
     <span class='ocr_line' id='line_1_9' title="bbox 93 710 1378 773; baseline -0.001 -15"><span class='ocrx_word' id='word_1_49' title='bbox 93 712 212 770; x_wconf 86' lang='lat' dir='ltr'>lam,</span> <span class='ocrx_word' id='word_1_50' title='bbox 247 715 296 760; x_wconf 82' lang='lat'>&amp;</span> <span class='ocrx_word' id='word_1_51' title='bbox 322 711 587 770; x_wconf 78' lang='lat' dir='ltr'>Saticulam,</span> <span class='ocrx_word' id='word_1_52' title='bbox 614 710 775 769; x_wconf 86' lang='lat' dir='ltr'><strong>urbes,</strong></span> <span class='ocrx_word' id='word_1_53' title='bbox 803 726 904 773; x_wconf 85' lang='lat' dir='ltr'><strong>quae</strong></span> <span class='ocrx_word' id='word_1_54' title='bbox 938 710 992 755; x_wconf 87' lang='lat' dir='ltr'><strong>ad</strong></span> <span class='ocrx_word' id='word_1_55' title='bbox 1025 712 1219 757; x_wconf 84' lang='lat' dir='ltr'><strong>Poenum</strong></span> <span class='ocrx_word' id='word_1_56' title='bbox 1252 710 1378 758; x_wconf 88' lang='lat' dir='ltr'><strong>defe-</strong></span> 
     </span>
     <span class='ocr_line' id='line_1_10' title="bbox 96 781 1382 846; baseline -0.003 -13"><span class='ocrx_word' id='word_1_57' title='bbox 96 797 280 844; x_wconf 81' lang='lat' dir='ltr'><strong>cerant,</strong></span> <span class='ocrx_word' id='word_1_58' title='bbox 310 785 466 832; x_wconf 80' lang='lat' dir='ltr'>Fabius</span> <span class='ocrx_word' id='word_1_59' title='bbox 501 783 551 831; x_wconf 89' lang='lat' dir='ltr'><strong>vi</strong></span> <span class='ocrx_word' id='word_1_60' title='bbox 584 783 733 846; x_wconf 81' lang='lat' dir='ltr'><strong>cepit3</strong></span> <span class='ocrx_word' id='word_1_61' title='bbox 768 782 1057 846; x_wconf 76' lang='lat' dir='ltr'><strong>praesidiaque</strong></span> <span class='ocrx_word' id='word_1_62' title='bbox 1088 782 1136 828; x_wconf 90' lang='lat' dir='ltr'><strong>in</strong></span> <span class='ocrx_word' id='word_1_63' title='bbox 1165 781 1219 829; x_wconf 85' lang='lat' dir='ltr'><strong>iis</strong></span> <span class='ocrx_word' id='word_1_64' title='bbox 1251 785 1382 830; x_wconf 42' lang='lat' dir='ltr'><strong>Hand</strong></span> 
     </span>
     <span class='ocr_line' id='line_1_11' title="bbox 95 855 1381 921; baseline -0.002 -15"><span class='ocrx_word' id='word_1_65' title='bbox 95 860 282 917; x_wconf 51' lang='lat' dir='ltr'><strong>niualis,</strong></span> <span class='ocrx_word' id='word_1_66' title='bbox 309 857 620 921; x_wconf 79' lang='lat' dir='ltr'>Campanique</span> <span class='ocrx_word' id='word_1_67' title='bbox 640 856 850 920; x_wconf 85' lang='lat' dir='ltr'>permulti</span> <span class='ocrx_word' id='word_1_68' title='bbox 867 855 1001 918; x_wconf 83' lang='lat' dir='ltr'><strong>capti.</strong></span> <span class='ocrx_word' id='word_1_69' title='bbox 1021 858 1076 902; x_wconf 88' lang='lat' dir='ltr'><strong>Et</strong></span> <span class='ocrx_word' id='word_1_70' title='bbox 1091 855 1251 913; x_wconf 80' lang='lat' dir='ltr'><strong>Nolae,</strong></span> <span class='ocrx_word' id='word_1_71' title='bbox 1270 856 1381 904; x_wconf 84' lang='lat' dir='ltr'><strong>sicut</strong></span> 
     </span>
     <span class='ocr_line' id='line_1_12' title="bbox 95 930 1380 998; baseline -0.001 -18"><span class='ocrx_word' id='word_1_72' title='bbox 95 935 251 998; x_wconf 90' lang='lat' dir='ltr'><strong>priore</strong></span> <span class='ocrx_word' id='word_1_73' title='bbox 280 950 432 993; x_wconf 87' lang='lat' dir='ltr'><strong>anno,</strong></span> <span class='ocrx_word' id='word_1_74' title='bbox 461 933 633 981; x_wconf 84' lang='lat' dir='ltr'><strong>senatus</strong></span> <span class='ocrx_word' id='word_1_75' title='bbox 659 933 978 979; x_wconf 89' lang='lat' dir='ltr'><strong>Romanorum</strong></span> <span class='ocrx_word' id='word_1_76' title='bbox 998 966 1011 989; x_wconf 93' lang='lat'><strong>,</strong></span> <span class='ocrx_word' id='word_1_77' title='bbox 1047 930 1172 993; x_wconf 82' lang='lat' dir='ltr'><strong>plebs</strong></span> <span class='ocrx_word' id='word_1_78' title='bbox 1204 931 1380 979; x_wconf 84' lang='lat' dir='ltr'><strong>Hanni—</strong></span> 
     </span>
     <span class='ocr_line' id='line_1_13' title="bbox 97 1002 1379 1070; baseline -0.002 -16"><span class='ocrx_word' id='word_1_79' title='bbox 97 1007 208 1054; x_wconf 86' lang='lat' dir='ltr'><strong>balis</strong></span> <span class='ocrx_word' id='word_1_80' title='bbox 239 1019 356 1054; x_wconf 89' lang='lat' dir='ltr'><strong>erat:</strong></span> <span class='ocrx_word' id='word_1_81' title='bbox 395 1005 670 1070; x_wconf 81' lang='lat' dir='ltr'><strong>consiliaque</strong></span> <span class='ocrx_word' id='word_1_82' title='bbox 705 1004 886 1053; x_wconf 89' lang='lat' dir='ltr'><strong>occulta</strong></span> <span class='ocrx_word' id='word_1_83' title='bbox 906 1004 960 1050; x_wconf 90' lang='lat' dir='ltr'><strong>de</strong></span> <span class='ocrx_word' id='word_1_84' title='bbox 978 1003 1098 1051; x_wconf 86' lang='lat' dir='ltr'><strong>caede</strong></span> <span class='ocrx_word' id='word_1_85' title='bbox 1122 1002 1379 1066; x_wconf 80' lang='lat' dir='ltr'>principum</span> 
     </span>
     <span class='ocr_line' id='line_1_14' title="bbox 97 1074 1381 1143; baseline -0.005 -15"><span class='ocrx_word' id='word_1_86' title='bbox 97 1082 148 1129; x_wconf 75' lang='grc' dir='ltr'><strong>δε</strong></span> <span class='ocrx_word' id='word_1_87' title='bbox 177 1079 436 1143; x_wconf 80' lang='lat' dir='ltr'>proditione</span> <span class='ocrx_word' id='word_1_88' title='bbox 469 1078 590 1125; x_wconf 87' lang='lat' dir='ltr'><strong>urbis</strong></span> <span class='ocrx_word' id='word_1_89' title='bbox 621 1077 863 1125; x_wconf 83' lang='lat' dir='ltr'><strong>inibantur.</strong></span> <span class='ocrx_word' id='word_1_90' title='bbox 899 1075 1080 1136; x_wconf 84' lang='lat' dir='ltr'><strong>Quibus</strong></span> <span class='ocrx_word' id='word_1_91' title='bbox 1118 1091 1174 1122; x_wconf 90' lang='lat' dir='ltr'><strong>ne</strong></span> <span class='ocrx_word' id='word_1_92' title='bbox 1202 1074 1381 1138; x_wconf 89' lang='lat' dir='ltr'><strong>incepta</strong></span> 
     </span>
     <span class='ocr_line' id='line_1_15' title="bbox 96 1149 1384 1215; baseline -0.002 -17"><span class='ocrx_word' id='word_1_93' title='bbox 96 1152 424 1215; x_wconf 78' lang='lat' dir='ltr'><strong>procederent,</strong></span> <span class='ocrx_word' id='word_1_94' title='bbox 453 1150 570 1197; x_wconf 87' lang='lat' dir='ltr'><strong>inter</strong></span> <span class='ocrx_word' id='word_1_95' title='bbox 600 1151 802 1213; x_wconf 75' lang='lat' dir='ltr'><strong>Capuam</strong></span> <span class='ocrx_word' id='word_1_96' title='bbox 831 1149 1060 1214; x_wconf 83' lang='lat' dir='ltr'><strong>castraque</strong></span> <span class='ocrx_word' id='word_1_97' title='bbox 1085 1149 1349 1196; x_wconf 80' lang='lat' dir='ltr'><strong>Hannibalis</strong></span> <span class='ocrx_word' id='word_1_98' title='bbox 1367 1186 1384 1209; x_wconf 83' lang='lat'><strong>,</strong></span> 
     </span>
     <span class='ocr_line' id='line_1_16' title="bbox 97 1222 1399 1290; baseline -0.002 -19"><span class='ocrx_word' id='word_1_99' title='bbox 97 1243 200 1290; x_wconf 65' lang='lat' dir='ltr'><strong>quae</strong></span> <span class='ocrx_word' id='word_1_100' title='bbox 218 1226 263 1272; x_wconf 91' lang='lat' dir='ltr'><strong>in</strong></span> <span class='ocrx_word' id='word_1_101' title='bbox 280 1225 442 1274; x_wconf 86' lang='lat' dir='ltr'><strong>Tifatis</strong></span> <span class='ocrx_word' id='word_1_102' title='bbox 473 1237 624 1283; x_wconf 89' lang='lat' dir='ltr'><strong>erant,</strong></span> <span class='ocrx_word' id='word_1_103' title='bbox 655 1224 858 1271; x_wconf 70' lang='lat' dir='ltr'><strong>tradu&amp;o</strong></span> <span class='ocrx_word' id='word_1_104' title='bbox 884 1222 1110 1281; x_wconf 84' lang='lat' dir='ltr'><strong>exercitu,</strong></span> <span class='ocrx_word' id='word_1_105' title='bbox 1130 1223 1286 1270; x_wconf 84' lang='lat' dir='ltr'><strong>Fabius</strong></span> <span class='ocrx_word' id='word_1_106' title='bbox 1313 1222 1399 1270; x_wconf 60' lang='lat' dir='ltr'><strong>sti-²</strong></span> 
     </span>
     <span class='ocr_line' id='line_1_17' title="bbox 98 1299 1386 1366; baseline -0.002 -18"><span class='ocrx_word' id='word_1_107' title='bbox 98 1318 180 1366; x_wconf 84' lang='lat' dir='ltr'><strong>per</strong></span> <span class='ocrx_word' id='word_1_108' title='bbox 200 1301 449 1348; x_wconf 78' lang='lat' dir='ltr'><strong>Vesuvium</strong></span> <span class='ocrx_word' id='word_1_109' title='bbox 471 1301 516 1347; x_wconf 89' lang='lat' dir='ltr'><strong>in</strong></span> <span class='ocrx_word' id='word_1_110' title='bbox 543 1300 692 1348; x_wconf 88' lang='lat' dir='ltr'><strong>castris</strong></span> <span class='ocrx_word' id='word_1_111' title='bbox 720 1300 984 1348; x_wconf 82' lang='lat' dir='ltr'><strong>Claudianis</strong></span> <span class='ocrx_word' id='word_1_112' title='bbox 1016 1299 1247 1355; x_wconf 74' lang='lat' dir='ltr'><strong>consedit,</strong></span> <span class='ocrx_word' id='word_1_113' title='bbox 1281 1299 1386 1346; x_wconf 81' lang='lat' dir='ltr'><strong>inde</strong></span> 
     </span>
     <span class='ocr_line' id='line_1_18' title="bbox 99 1372 1386 1438; baseline -0.002 -16"><span class='ocrx_word' id='word_1_114' title='bbox 99 1376 165 1422; x_wconf 90' lang='lat' dir='ltr'><strong>M.</strong></span> <span class='ocrx_word' id='word_1_115' title='bbox 199 1375 462 1422; x_wconf 89' lang='lat' dir='ltr'><strong>Marcellum</strong></span> <span class='ocrx_word' id='word_1_116' title='bbox 485 1373 803 1437; x_wconf 84' lang='lat' dir='ltr'><strong>proconsulem</strong></span> <span class='ocrx_word' id='word_1_117' title='bbox 838 1391 940 1421; x_wconf 88' lang='lat' dir='ltr'><strong>cum</strong></span> <span class='ocrx_word' id='word_1_118' title='bbox 975 1373 1029 1420; x_wconf 84' lang='lat' dir='ltr'><strong>iis</strong></span> <span class='ocrx_word' id='word_1_119' title='bbox 1060 1372 1234 1437; x_wconf 88' lang='lat' dir='ltr'><strong>copiis,</strong></span> <span class='ocrx_word' id='word_1_120' title='bbox 1274 1390 1386 1438; x_wconf 62' lang='lat' dir='ltr'><strong>quas·</strong></span> 
     </span>
     <span class='ocr_line' id='line_1_19' title="bbox 100 1446 1053 1508; baseline -0.003 -14"><span class='ocrx_word' id='word_1_121' title='bbox 100 1447 294 1494; x_wconf 76' lang='lat' dir='ltr'><strong>habebat</strong></span> <span class='ocrx_word' id='word_1_122' title='bbox 313 1483 326 1506; x_wconf 89' lang='lat'><strong>,</strong></span> <span class='ocrx_word' id='word_1_123' title='bbox 363 1446 531 1493; x_wconf 86' lang='lat' dir='ltr'><strong>Nolam</strong></span> <span class='ocrx_word' id='word_1_124' title='bbox 562 1446 609 1491; x_wconf 88' lang='lat' dir='ltr'><strong>in</strong></span> <span class='ocrx_word' id='word_1_125' title='bbox 638 1446 892 1508; x_wconf 81' lang='lat' dir='ltr'><strong>praefidium</strong></span> <span class='ocrx_word' id='word_1_126' title='bbox 924 1446 1053 1493; x_wconf 81' lang='lat' dir='ltr'><strong>mifit.</strong></span> 
     </span>
    </p>

    <p class='ocr_par' dir='ltr' id='par_1_4' title="bbox 101 1511 1395 2535">
     <span class='ocr_line' id='line_1_20' title="bbox 165 1511 1387 1583; baseline -0.001 -17"><span class='ocrx_word' id='word_1_127' title='bbox 165 1521 263 1567; x_wconf 90' lang='lat' dir='ltr'><strong>XL.</strong></span> <span class='ocrx_word' id='word_1_128' title='bbox 300 1521 356 1566; x_wconf 81' lang='lat' dir='ltr'><strong>Et</strong></span> <span class='ocrx_word' id='word_1_129' title='bbox 388 1519 435 1566; x_wconf 90' lang='lat' dir='ltr'><strong>in</strong></span> <span class='ocrx_word' id='word_1_130' title='bbox 463 1511 661 1566; x_wconf 83' lang='lat' dir='ltr'><strong>Sardinia</strong></span> <span class='ocrx_word' id='word_1_131' title='bbox 686 1536 755 1565; x_wconf 84' lang='lat' dir='ltr'><strong>res</strong></span> <span class='ocrx_word' id='word_1_132' title='bbox 782 1536 863 1583; x_wconf 88' lang='lat' dir='ltr'><strong>per</strong></span> <span class='ocrx_word' id='word_1_133' title='bbox 892 1519 948 1565; x_wconf 91' lang='lat' dir='ltr'><strong>T.</strong></span> <span class='ocrx_word' id='word_1_134' title='bbox 975 1517 1191 1566; x_wconf 87' lang='lat' dir='ltr'><strong>Manlium</strong></span> <span class='ocrx_word' id='word_1_135' title='bbox 1221 1530 1387 1582; x_wconf 80' lang='lat' dir='ltr'><strong>praeto·</strong></span> 
     </span>
     <span class='ocr_line' id='line_1_21' title="bbox 101 1592 1389 1657; baseline -0.003 -15"><span class='ocrx_word' id='word_1_136' title='bbox 101 1611 194 1642; x_wconf 87' lang='lat' dir='ltr'><strong>rem</strong></span> <span class='ocrx_word' id='word_1_137' title='bbox 220 1593 518 1641; x_wconf 86' lang='lat' dir='ltr'><strong>administrari</strong></span> <span class='ocrx_word' id='word_1_138' title='bbox 537 1605 728 1656; x_wconf 77' lang='lat' dir='ltr'><strong>coeptae,</strong></span> <span class='ocrx_word' id='word_1_139' title='bbox 749 1610 849 1657; x_wconf 85' lang='lat' dir='ltr'><strong>quae</strong></span> <span class='ocrx_word' id='word_1_140' title='bbox 879 1592 1048 1639; x_wconf 72' lang='lat' dir='ltr'><strong>omiss&#39;ae</strong></span> <span class='ocrx_word' id='word_1_141' title='bbox 1080 1607 1233 1651; x_wconf 88' lang='lat' dir='ltr'><strong>erant,</strong></span> <span class='ocrx_word' id='word_1_142' title='bbox 1265 1592 1389 1656; x_wconf 85' lang='lat' dir='ltr'><strong>post-</strong></span> 
     </span>
     <span class='ocr_line' id='line_1_22' title="bbox 101 1663 1390 1729; baseline -0.001 -17"><span class='ocrx_word' id='word_1_143' title='bbox 101 1683 235 1729; x_wconf 87' lang='lat' dir='ltr'><strong>quam</strong></span> <span class='ocrx_word' id='word_1_144' title='bbox 270 1666 330 1725; x_wconf 81' lang='lat' dir='ltr'><strong>Q.</strong></span> <span class='ocrx_word' id='word_1_145' title='bbox 361 1664 542 1712; x_wconf 87' lang='lat' dir='ltr'><strong>Mucius</strong></span> <span class='ocrx_word' id='word_1_146' title='bbox 578 1675 747 1728; x_wconf 84' lang='lat' dir='ltr'><strong>praetor</strong></span> <span class='ocrx_word' id='word_1_147' title='bbox 775 1663 904 1727; x_wconf 87' lang='lat' dir='ltr'><strong>gravi</strong></span> <span class='ocrx_word' id='word_1_148' title='bbox 939 1665 1104 1710; x_wconf 85' lang='lat' dir='ltr'><strong>morbo</strong></span> <span class='ocrx_word' id='word_1_149' title='bbox 1140 1663 1202 1710; x_wconf 88' lang='lat' dir='ltr'><strong>est</strong></span> <span class='ocrx_word' id='word_1_150' title='bbox 1237 1663 1390 1726; x_wconf 78' lang='lat' dir='ltr'><strong>impli-</strong></span> 
     </span>
     <span class='ocr_line' id='line_1_23' title="bbox 103 1736 1391 1800; baseline -0.002 -14"><span class='ocrx_word' id='word_1_151' title='bbox 103 1738 230 1786; x_wconf 75' lang='lat' dir='ltr'><strong>citus.</strong></span> <span class='ocrx_word' id='word_1_152' title='bbox 251 1738 475 1796; x_wconf 87' lang='lat' dir='ltr'><strong>Manlius,</strong></span> <span class='ocrx_word' id='word_1_153' title='bbox 495 1737 689 1785; x_wconf 85' lang='lat' dir='ltr'><strong>navibus</strong></span> <span class='ocrx_word' id='word_1_154' title='bbox 708 1736 854 1800; x_wconf 83' lang='lat' dir='ltr'><strong>longis</strong></span> <span class='ocrx_word' id='word_1_155' title='bbox 874 1737 929 1783; x_wconf 89' lang='lat' dir='ltr'><strong>ad</strong></span> <span class='ocrx_word' id='word_1_156' title='bbox 941 1738 1120 1784; x_wconf 84' lang='lat' dir='ltr'><strong>Carales</strong></span> <span class='ocrx_word' id='word_1_157' title='bbox 1142 1736 1391 1795; x_wconf 57' lang='lat' dir='ltr'><strong>subductis,</strong></span> 
     </span>
     <span class='ocr_line' id='line_1_24' title="bbox 104 1811 1389 1876; baseline -0.002 -17"><span class='ocrx_word' id='word_1_158' title='bbox 104 1812 422 1876; x_wconf 87' lang='lat' dir='ltr'><strong>navalibusque</strong></span> <span class='ocrx_word' id='word_1_159' title='bbox 440 1812 569 1859; x_wconf 87' lang='lat' dir='ltr'><strong>sociis</strong></span> <span class='ocrx_word' id='word_1_160' title='bbox 590 1811 787 1871; x_wconf 84' lang='lat' dir='ltr'><strong>armatis,</strong></span> <span class='ocrx_word' id='word_1_161' title='bbox 808 1824 856 1857; x_wconf 87' lang='lat' dir='ltr'><strong>ut</strong></span> <span class='ocrx_word' id='word_1_162' title='bbox 876 1827 991 1858; x_wconf 84' lang='lat' dir='ltr'><strong>terra</strong></span> <span class='ocrx_word' id='word_1_163' title='bbox 1011 1829 1102 1858; x_wconf 89' lang='lat' dir='ltr'><strong>rem</strong></span> <span class='ocrx_word' id='word_1_164' title='bbox 1125 1823 1315 1875; x_wconf 81' lang='lat' dir='ltr'><strong>gereret,</strong></span> <span class='ocrx_word' id='word_1_165' title='bbox 1337 1812 1389 1857; x_wconf 69' lang='grc' dir='ltr'><strong>δε</strong></span> 
     </span>
     <span class='ocr_line' id='line_1_25' title="bbox 104 1882 1393 1947; baseline -0.002 -16"><span class='ocrx_word' id='word_1_166' title='bbox 104 1902 130 1931; x_wconf 88' lang='lat' dir='ltr'><strong>a</strong></span> <span class='ocrx_word' id='word_1_167' title='bbox 154 1895 348 1947; x_wconf 71' lang='lat' dir='ltr'><strong>praetore</strong></span> <span class='ocrx_word' id='word_1_168' title='bbox 370 1885 572 1932; x_wconf 85' lang='lat' dir='ltr'><strong>exercitu</strong></span> <span class='ocrx_word' id='word_1_169' title='bbox 604 1897 822 1946; x_wconf 82' lang='lat' dir='ltr'><strong>acceptO,</strong></span> <span class='ocrx_word' id='word_1_170' title='bbox 857 1885 950 1931; x_wconf 86' lang='lat' dir='ltr'><strong>duo</strong></span> <span class='ocrx_word' id='word_1_171' title='bbox 979 1887 1029 1932; x_wconf 65' lang='grc' dir='ltr'><strong>ὃς</strong></span> <span class='ocrx_word' id='word_1_172' title='bbox 1059 1883 1222 1947; x_wconf 79' lang='lat' dir='ltr'><strong>viginti</strong></span> <span class='ocrx_word' id='word_1_173' title='bbox 1253 1882 1393 1929; x_wconf 78' lang='lat' dir='ltr'><strong>millia</strong></span> 
     </span>
     <span class='ocr_line' id='line_1_26' title="bbox 106 1956 1394 2020; baseline -0.001 -17"><span class='ocrx_word' id='word_1_174' title='bbox 106 1958 306 2020; x_wconf 85' lang='lat' dir='ltr'><strong>peditum</strong></span> <span class='ocrx_word' id='word_1_175' title='bbox 325 1993 339 2015; x_wconf 90' lang='lat'><strong>,</strong></span> <span class='ocrx_word' id='word_1_176' title='bbox 367 1956 489 2004; x_wconf 87' lang='lat' dir='ltr'><strong>mille</strong></span> <span class='ocrx_word' id='word_1_177' title='bbox 510 1959 558 2005; x_wconf 86' lang='lat'>&amp;</span> <span class='ocrx_word' id='word_1_178' title='bbox 581 1957 801 2004; x_wconf 81' lang='lat' dir='ltr'><strong>ducentos</strong></span> <span class='ocrx_word' id='word_1_179' title='bbox 830 1957 1000 2019; x_wconf 80' lang='lat' dir='ltr'><strong>equites</strong></span> <span class='ocrx_word' id='word_1_180' title='bbox 1025 1956 1239 2004; x_wconf 87' lang='lat' dir='ltr'><strong>confecit.</strong></span> <span class='ocrx_word' id='word_1_181' title='bbox 1273 1958 1394 2003; x_wconf 79' lang='lat' dir='ltr'><strong>Cum</strong></span> 
     </span>
     <span class='ocr_line' id='line_1_27' title="bbox 105 2027 1392 2094; baseline -0.002 -18"><span class='ocrx_word' id='word_1_182' title='bbox 105 2030 176 2076; x_wconf 81' lang='lat' dir='ltr'><strong>his</strong></span> <span class='ocrx_word' id='word_1_183' title='bbox 204 2031 406 2093; x_wconf 82' lang='lat' dir='ltr'><strong>equitum</strong></span> <span class='ocrx_word' id='word_1_184' title='bbox 438 2030 731 2094; x_wconf 83' lang='lat' dir='ltr'><strong>peditumque</strong></span> <span class='ocrx_word' id='word_1_185' title='bbox 751 2029 895 2091; x_wconf 80' lang='lat' dir='ltr'><strong>copiis</strong></span> <span class='ocrx_word' id='word_1_186' title='bbox 915 2027 1141 2093; x_wconf 59' lang='lat' dir='ltr'><strong>profeffits</strong></span> <span class='ocrx_word' id='word_1_187' title='bbox 1167 2031 1212 2076; x_wconf 90' lang='lat' dir='ltr'><strong>in</strong></span> <span class='ocrx_word' id='word_1_188' title='bbox 1237 2046 1392 2092; x_wconf 78' lang='lat' dir='ltr'><strong>agrum</strong></span> 
     </span>
     <span class='ocr_line' id='line_1_28' title="bbox 105 2101 1394 2166; baseline 0 -18"><span class='ocrx_word' id='word_1_189' title='bbox 105 2102 299 2149; x_wconf 77' lang='lat' dir='ltr'><strong>hostium</strong></span> <span class='ocrx_word' id='word_1_190' title='bbox 315 2138 328 2159; x_wconf 89' lang='lat'><strong>,</strong></span> <span class='ocrx_word' id='word_1_191' title='bbox 355 2103 472 2150; x_wconf 89' lang='lat' dir='ltr'><strong>haud</strong></span> <span class='ocrx_word' id='word_1_192' title='bbox 493 2103 655 2166; x_wconf 87' lang='lat' dir='ltr'><strong>procul</strong></span> <span class='ocrx_word' id='word_1_193' title='bbox 675 2102 728 2148; x_wconf 92' lang='lat' dir='ltr'><strong>ab</strong></span> <span class='ocrx_word' id='word_1_194' title='bbox 747 2103 1054 2163; x_wconf 68' lang='lat' dir='ltr'><strong>Hampsicora:</strong></span> <span class='ocrx_word' id='word_1_195' title='bbox 1086 2101 1234 2148; x_wconf 74' lang='lat' dir='ltr'><strong>castris</strong></span> <span class='ocrx_word' id='word_1_196' title='bbox 1255 2101 1394 2148; x_wconf 70' lang='lat' dir='ltr'><strong>casira</strong></span> 
     </span>
     <span class='ocr_line' id='line_1_29' title="bbox 108 2173 1394 2239; baseline -0.002 -17"><span class='ocrx_word' id='word_1_197' title='bbox 108 2176 272 2239; x_wconf 78' lang='lat' dir='ltr'><strong>posuit.</strong></span> <span class='ocrx_word' id='word_1_198' title='bbox 304 2175 598 2238; x_wconf 77' lang='lat' dir='ltr'><strong>Hampsicora</strong></span> <span class='ocrx_word' id='word_1_199' title='bbox 617 2187 712 2220; x_wconf 87' lang='lat' dir='ltr'><strong>tum</strong></span> <span class='ocrx_word' id='word_1_200' title='bbox 734 2173 852 2220; x_wconf 86' lang='lat' dir='ltr'><strong>forte</strong></span> <span class='ocrx_word' id='word_1_201' title='bbox 871 2174 1097 2237; x_wconf 55' lang='lat' dir='ltr'><strong>profectus</strong></span> <span class='ocrx_word' id='word_1_202' title='bbox 1117 2187 1211 2230; x_wconf 78' lang='lat' dir='ltr'><strong>erat</strong></span> <span class='ocrx_word' id='word_1_203' title='bbox 1231 2174 1276 2219; x_wconf 83' lang='lat' dir='ltr'><strong>in</strong></span> <span class='ocrx_word' id='word_1_204' title='bbox 1291 2174 1394 2220; x_wconf 81' lang='lat' dir='ltr'><strong>Pel·-</strong></span> 
     </span>
     <span class='ocr_line' id='line_1_30' title="bbox 109 2248 1394 2310; baseline -0.002 -15"><span class='ocrx_word' id='word_1_205' title='bbox 109 2249 214 2296; x_wconf 79' lang='lat' dir='ltr'><strong>litos</strong></span> <span class='ocrx_word' id='word_1_206' title='bbox 240 2250 426 2306; x_wconf 78' lang='lat' dir='ltr'><strong>Sardos,</strong></span> <span class='ocrx_word' id='word_1_207' title='bbox 461 2250 515 2295; x_wconf 90' lang='lat' dir='ltr'><strong>ad</strong></span> <span class='ocrx_word' id='word_1_208' title='bbox 550 2248 836 2310; x_wconf 82' lang='lat' dir='ltr'><strong>juventutem</strong></span> <span class='ocrx_word' id='word_1_209' title='bbox 869 2249 1158 2305; x_wconf 69' lang='lat' dir='ltr'><strong>armandam,</strong></span> <span class='ocrx_word' id='word_1_210' title='bbox 1192 2265 1278 2310; x_wconf 78' lang='lat' dir='ltr'><strong>qua</strong></span> <span class='ocrx_word' id='word_1_211' title='bbox 1309 2263 1394 2294; x_wconf 80' lang='lat' dir='ltr'><strong>co-</strong></span> 
     </span>
     <span class='ocr_line' id='line_1_31' title="bbox 109 2319 1394 2386; baseline -0.001 -18"><span class='ocrx_word' id='word_1_212' title='bbox 109 2323 204 2386; x_wconf 68' lang='lat' dir='ltr'><strong>pias</strong></span> <span class='ocrx_word' id='word_1_213' title='bbox 231 2336 426 2386; x_wconf 72' lang='lat' dir='ltr'><strong>augeret.</strong></span> <span class='ocrx_word' id='word_1_214' title='bbox 463 2322 597 2369; x_wconf 82' lang='lat' dir='ltr'><strong>Filius</strong></span> <span class='ocrx_word' id='word_1_215' title='bbox 629 2321 752 2383; x_wconf 83' lang='lat' dir='ltr'><strong>ejus,</strong></span> <span class='ocrx_word' id='word_1_216' title='bbox 782 2323 968 2369; x_wconf 86' lang='lat' dir='ltr'><strong>nominc</strong></span> <span class='ocrx_word' id='word_1_217' title='bbox 998 2321 1181 2368; x_wconf 72' lang='lat' dir='ltr'><strong>Hiostus</strong></span> <span class='ocrx_word' id='word_1_218' title='bbox 1201 2356 1215 2379; x_wconf 96' lang='lat'><strong>,</strong></span> <span class='ocrx_word' id='word_1_219' title='bbox 1242 2319 1394 2367; x_wconf 74' lang='lat' dir='ltr'><strong>castris</strong></span> 
     </span>
     <span class='ocr_line' id='line_1_32' title="bbox 110 2394 1395 2462; baseline -0.002 -19"><span class='ocrx_word' id='word_1_220' title='bbox 110 2410 323 2462; x_wconf 70' lang='lat' dir='ltr'><strong>praeerat:</strong></span> <span class='ocrx_word' id='word_1_221' title='bbox 355 2397 389 2444; x_wconf 80' lang='lat' dir='ltr'><strong>is</strong></span> <span class='ocrx_word' id='word_1_222' title='bbox 405 2433 418 2455; x_wconf 85' lang='lat'>‚</span> <span class='ocrx_word' id='word_1_223' title='bbox 438 2396 735 2444; x_wconf 68' lang='lat' dir='ltr'><strong>adolescentia</strong></span> <span class='ocrx_word' id='word_1_224' title='bbox 754 2395 913 2453; x_wconf 79' lang='lat' dir='ltr'><strong>ferox,</strong></span> <span class='ocrx_word' id='word_1_225' title='bbox 936 2408 1101 2441; x_wconf 76' lang='lat' dir='ltr'><strong>temere</strong></span> <span class='ocrx_word' id='word_1_226' title='bbox 1122 2394 1289 2457; x_wconf 77' lang='lat' dir='ltr'><strong>proelio</strong></span> <span class='ocrx_word' id='word_1_227' title='bbox 1310 2394 1395 2440; x_wconf 78' lang='lat' dir='ltr'><strong>‘mi-</strong></span> 
     </span>
     <span class='ocr_line' id='line_1_33' title="bbox 110 2467 1391 2535; baseline -0.005 -17"><span class='ocrx_word' id='word_1_228' title='bbox 110 2483 161 2518; x_wconf 82' lang='lat' dir='ltr'><strong>to</strong></span> <span class='ocrx_word' id='word_1_229' title='bbox 193 2469 310 2517; x_wconf 75' lang='lat' dir='ltr'><strong>sulus</strong></span> <span class='ocrx_word' id='word_1_230' title='bbox 344 2470 620 2535; x_wconf 73' lang='lat' dir='ltr'><strong>fugatusque.</strong></span> <span class='ocrx_word' id='word_1_231' title='bbox 658 2470 714 2518; x_wconf 87' lang='lat' dir='ltr'><strong>ad</strong></span> <span class='ocrx_word' id='word_1_232' title='bbox 749 2469 835 2518; x_wconf 84' lang='lat' dir='ltr'><strong>tria</strong></span> <span class='ocrx_word' id='word_1_233' title='bbox 872 2468 1012 2517; x_wconf 83' lang='lat' dir='ltr'><strong>millia</strong></span> <span class='ocrx_word' id='word_1_234' title='bbox 1045 2467 1290 2516; x_wconf 84' lang='lat' dir='ltr'><strong>Sardorum</strong></span> <span class='ocrx_word' id='word_1_235' title='bbox 1332 2481 1391 2513; x_wconf 77' lang='lat' dir='ltr'><strong>eo</strong></span> 
     </span>
    </p>
   </div>
  </div>
 </body>
</html>
