1628 2890
227 134 321 203 458
595 132 1151 183 τιτιιῐνῐῑ

226 261 316 308 que
341 242 564 300 occisum,
584 242 784 306 legiones
802 245 1030 290 Romanas
1054 241 1306 289 incolumes
1321 274 1335 298 ‚
1362 237 1515 287 salvos

225 323 434 372 consules
467 323 582 378 effe,
617 325 847 387 extemplo
885 323 983 370 aliis
1021 339 1164 386 porro
1201 319 1516 384 impertiebant

226 402 437 465 gaudium
456 400 595 448 suum.
629 403 747 448 Cum
768 418 883 465 aegre
907 401 954 447 in
973 400 1139 448 curiam
1159 410 1428 462 perventum
1448 395 1516 442 es-

161 527 165 532 ,
227 479 292 528 set
309 516 324 539 ‚
355 480 501 527 multo
523 480 683 543 aegrius
712 481 917 527 submota
950 479 1109 537 turba,
1129 494 1185 524 ne
1206 476 1406 523 Patribus
1427 473 1513 520 mi-

228 559 456 617 sceretur,
475 559 614 606 literae
648 559 695 605 in
724 558 874 605 senatu
903 559 1101 606 recitatae
1128 557 1244 604 sunt.
1281 555 1383 602 inde
1402 569 1514 616 pro-

229 637 350 685 duffl
370 638 414 684 in
439 638 712 686 concionem
735 638 880 701 legati.
915 641 962 685 L.
977 637 1218 695 Veturius,
1239 635 1377 682 literis
1400 632 1515 680 reci-

227 716 330 763 tatis
348 753 363 773 ,
384 716 475 780 ipse
494 717 670 779 planius
701 718 879 776 omnia,
899 735 1000 781 quae
1020 717 1111 763 acta
1128 728 1253 763 erant
1268 752 1282 773 ,
1309 711 1517 777 exposuit

227 811 334 841 cum
355 794 528 859 ingenti
559 795 752 854 assensu,
781 797 1014 860 postremo
1039 797 1172 843 etiam
1194 796 1391 843 clamore
1418 792 1518 840 uni-

227 873 371 920 versae
401 875 676 934 concionis,
710 892 812 923 cum
843 876 925 924 vix
956 875 1166 940 gaudium
1192 874 1351 920 animis
1383 887 1518 932 cape-

228 965 344 1000 rent.
376 954 638 1002 Discursum
670 955 774 1002 inde
794 955 850 1002 ab
878 955 974 1003 aliis
1003 953 1123 1003 circa
1146 952 1315 1017 templa
1340 951 1519 1008 Deum,

229 1044 282 1079 ut
313 1044 456 1095 grates
489 1046 702 1097 agerent3
737 1033 789 1080 ab
819 1033 915 1079 aliis
951 1033 1143 1087 domos,
1175 1042 1225 1077 ut
1252 1028 1520 1091 conjugibus

231 1106 476 1172 liberisque
509 1122 598 1155 tam
631 1108 798 1176 laetum&
815 1108 1023 1155 nuntium
1054 1109 1346 1172 impertirent.
1382 1107 1520 1153 Sena-

231 1198 303 1232 tus
322 1222 336 1243 ‚
366 1187 492 1249 quod
521 1190 586 1234 M.
615 1187 771 1235 Livius
800 1189 848 1235 &
873 1189 925 1234 C.
950 1186 1163 1233 Claudius
1184 1185 1416 1244 consules,
1450 1184 1522 1230 in-

230 1266 403 1313 columi
437 1268 663 1327 exercitu,
692 1269 851 1315 ducem
891 1268 1085 1316 hostium
1116 1267 1401 1332 legionesque
1434 1282 1520 1312 oc-

231 1345 461 1403 cidissent,
482 1346 856 1410 supplicationem
878 1349 922 1393 in
945 1347 1141 1394 triduum
1168 1345 1385 1394 decrevit.
1421 1361 1521 1392 eam

232 1424 610 1489 supplicationem
644 1429 698 1474 C.
725 1426 942 1473 Hostilius
976 1438 1147 1488 praetor
1175 1442 1261 1488 pro
1294 1423 1523 1472 concione

230 1503 373 1551 edixit
394 1540 407 1561 ,
430 1504 742 1568 celebrataque
775 1521 797 1550 a
819 1503 930 1551 viris
961 1502 1223 1567 feminisque
1243 1500 1319 1550 est,
1353 1501 1523 1548 Omnia

233 1583 402 1647 templa
422 1601 498 1645 per
521 1596 669 1631 totum
690 1583 888 1632 triduum
917 1582 1134 1646 aequalem
1154 1581 1331 1628 turbam
1349 1580 1523 1627 habue-

233 1678 308 1710 re:
331 1679 433 1710 cum
456 1676 673 1710 matronae
691 1662 949 1725 ampliffima
968 1660 1088 1708 veste
1110 1677 1213 1708 cum
1233 1659 1407 1717 liberis,
1424 1674 1523 1721 per·-

236 1740 343 1788 inde
377 1758 429 1790 ac
463 1742 493 1789 fi
528 1742 797 1789 debellatum
834 1740 986 1799 foret,
1020 1738 1149 1786 omni
1180 1737 1336 1785 solutae
1372 1749 1525 1793 metu,

234 1823 350 1872 ‘Deis
384 1822 715 1869 immortalibus
746 1834 890 1885 grates
920 1830 1115 1885 agerent.
1146 1819 1314 1864 Statum
1337 1832 1524 1879 quoque

235 1901 437 1950 civitatis
467 1917 517 1948 ea
544 1900 735 1947 viCtoria
757 1899 935 1947 movit:
967 1910 1016 1945 ut
1035 1897 1123 1958 jam
1148 1895 1278 1953 inde,
1305 1895 1423 1941 haud
1456 1894 1524 1940 se-

236 1998 315 2029 cus
348 1997 481 2043 quam
514 1978 562 2027 in
598 1995 735 2041 pace,
769 1994 839 2024 res
865 1977 981 2024 inter
1011 1975 1053 2022 se
1085 1974 1380 2030 contrahere,
1409 1990 1526 2020 ven-

171 2072 174 2074 ’
236 2060 388 2108 dendo
406 2095 417 2114 ,
437 2058 630 2104 emendo
645 2093 658 2115 ‚
686 2067 888 2102 mutuum
909 2054 1057 2101 dando
1073 2090 1087 2112 ,
1119 2064 1350 2115 argentum
1383 2051 1527 2099 credi-

238 2151 335 2186 tum
363 2137 618 2193 s01vendo‚
647 2137 874 2183 auderent.
908 2136 961 2180 C.
986 2133 1203 2180 Claudius
1234 2130 1392 2199 consul
1423 2148 1527 2177 curn

240 2215 290 2262 in
325 2215 463 2263 castra
498 2214 700 2272 redisset,
731 2224 866 2276 caput
893 2210 1203 2267 Hasdrubalis,
1228 2208 1353 2272 quod
1383 2207 1529 2255 serva-

237 2305 336 2342 tum
363 2310 468 2340 cum
499 2308 605 2339 cura
623 2291 858 2348 attulerat,
891 2288 1058 2353 projici
1088 2301 1191 2335 ante
1220 2284 1414 2333 hostium
1442 2284 1527 2331 sta-

241 2372 392 2420 tiones
407 2409 421 2431 ,
443 2371 735 2435 captivosque
756 2370 893 2416 Afros
912 2368 1091 2416 vineto-5
1106 2403 1120 2424 ,
1139 2378 1187 2413 ut
1207 2375 1358 2421 erant,
1376 2361 1528 2410 osten-

237 2452 285 2501 di
302 2487 317 2513 ,
353 2452 467 2500 duos
495 2451 630 2500 etiam
657 2467 713 2498 ex.
741 2449 794 2498 iis
822 2447 995 2496 solutos
1026 2447 1091 2495 ire
1117 2446 1173 2495 ad
1202 2441 1529 2501 Hannibalemg
