1628 2890
194 134 286 182 226
550 125 1111 174 TITILIVII

243 237 352 278 cusas
367 233 599 286 expugnavit
617 244 717 271 anno
734 231 847 270 tertio
860 261 871 279 ‚
890 231 926 269 &
953 229 1147 280 ingentem
1162 227 1200 267 se
1215 228 1339 267 virum
1356 225 1477 278 geme.

244 296 287 342 in
305 314 351 338 eo
374 296 542 337 tumultu
564 295 667 335 urbis
692 302 812 344 captae
838 293 1108 353 Archimedes,
1127 293 1299 331 intentus
1318 291 1476 340 formis,

244 374 342 413 quas
358 361 397 398 in
417 358 572 410 pulvere
591 355 858 407 descripserat,
873 355 1096 394 interfectus
1120 355 1182 393 est.
1205 355 1244 393 P.
1263 355 1297 393 ὃς
1312 353 1379 392 Cn.
1397 352 1478 393 Sci-

242 425 380 475 piones
396 421 440 459 in·
458 419 640 470 Hispania
662 426 722 458 tot
735 424 1006 467 tantarumque
1024 428 1150 454 rerum
1173 414 1336 454 feliciter
1360 415 1479 465 gesta-

242 499 331 524 rum
352 483 491 523 tristem
504 483 660 532 *exitum
677 480 870 520 tulerunt:
889 491 1009 530 prope
1028 490 1117 516 cum
1141 478 1230 516 totis
1247 476 1478 516 exercitibus

243 547 327 586 caefi
349 559 448 585 anno
471 546 632 592 octavo,
646 555 761 593 quam
774 542 815 580 in
833 541 1058 592 Hispaniam
1083 540 1242 578 iverant.
1269 537 1477 588 amissaque

239 611 327 658 ejus
347 606 551 658 provinciae
574 603 746 655 poffeffio
771 603 892 651 foret,
914 602 979 640 nis]
1002 601 1043 641 L.
1071 600 1209 641 Marcii
1235 600 1374 649 equitis
1400 599 1477 639 Ro-

216 692 218 694 ·
242 673 349 712 mani
371 671 510 711 virtute
527 672 562 710 ἃ
581 668 782 715 industria,
806 666 1012 705 contractis
1028 664 1266 703 exercituum
1283 664 1450 715 reliquiis
1463 694 1475 711 .,

242 733 418 783 ejusdem
445 732 624 779 hortatu,
645 730 732 768 bina
756 729 872 768 castra
899 727 1065 767 hostium
1092 734 1310 776 expugnata
1343 725 1472 764 essent.

242 795 302 835 Ad
328 793 483 844 triginta
506 791 651 842 septem
676 790 794 829 millia
819 789 911 829 caesa
927 820 937 837 ‚
955 789 1002 828 ad
1027 787 1134 827 mille
1157 788 1396 838 octingentos
1409 786 1477 824 tn‘-

240 857 351 906 *ginta
363 855 481 905 capti,
492 852 617 904 praeda
626 852 760 903 ingens
773 860 894 903 parta.
904 850 993 890 Dux
1004 849 1175 891 Marcius
1187 848 1400 900 appellatus
1412 847 1475 886 estc

187 1043 220 1089 L
258 976 482 1090 DUM
516 1035 612 1083 haec
649 1033 696 1082 in
727 1032 882 1082 Africa
912 1044 1046 1097 atque
1077 1033 1123 1080 in
1156 1032 1367 1097 Hispania
1399 1052 1478 1099 ge-

186 1124 372 1169 runtur,
394 1107 622 1155 Hannibal
648 1107 696 1152 in
724 1122 834 1170 agro
859 1107 1112 1153 Tarentino
1143 1105 1334 1152 aestatem
1365 1124 1477 1154 con-

187 1183 368 1239 sumsit,
402 1180 476 1243 spe
510 1194 591 1240 per
626 1176 937 1240 proditionem
969 1176 1094 1222 urbis
1123 1176 1476 1225 Tarentinorum

187 1252 436 1318 potiundae.
472 1249 672 1313 ipsorum
699 1248 880 1296 interim
909 1248 1263 1295 Sallentinorum
1290 1249 1476 1312 ignobi-

185 1329 248 1374 les
284 1327 416 1374 urbes
450 1323 505 1370 ad
534 1339 635 1369 eum
669 1320 945 1368 defecerunt.
983 1320 1158 1366 Eodem
1186 1331 1392 1382 tempore
1428 1323 1476 1368 in

186 1398 372 1447 Bruttiis
401 1414 456 1444 ex
486 1393 730 1442 duodecim
751 1391 959 1455 populis,
994 1390 1073 1455 qui
1102 1408 1223 1438 anno
1250 1391 1403 1454 priore
1421 1395 1476 1440 ad
1540 1446 1551 1451 ι,

184 1472 357 1519 Poenos
391 1467 701 1523 desciverant,
736 1464 1007 1511 Consentini
1042 1465 1093 1511 δε
1120 1464 1315 1511 Thurini
1344 1465 1391 1511 in
1420 1465 1477 1511 fi-

186 1545 287 1591 dem
316 1541 476 1606 populi
491 1537 692 1587 Romani
709 1537 953 1585 redierunt.
974 1539 1030 1584 Et
1056 1537 1204 1599 plures
1224 1538 1476 1598 rediissent,

185 1619 234 1665 ni
246 1619 303 1665 T.
315 1612 599 1678 Pomponius
616 1609 887 1672 Vejentanus
901 1608 1133 1673 praefecum
1151 1609 1324 1657 socium
1336 1646 1350 1669 ,
1365 1628 1476 1673 pro-

183 1691 322 1756 speris
357 1689 532 1752 aliquot
560 1683 933 1749 populationibus
962 1684 1009 1730 in
1035 1701 1144 1748 agro
1165 1685 1344 1732 Bruttio
1370 1684 1473 1747 justi

183 1764 310 1812 ducis
337 1761 527 1825 speciem
550 1760 701 1805 nasius
718 1793 731 1816 ‚
751 1757 1046 1804 tumultuario
1066 1758 1264 1805 exercitu
1285 1760 1472 1818 coa&0,

183 1856 289 1887 cum
327 1838 554 1883 Hannone
591 1831 878 1880 conflixisset.
924 1833 1090 1895 Magna
1117 1831 1180 1878 ibi
1210 1830 1283 1878 vis
1318 1831 1472 1878 homi-

182 1929 317 1970 num,
335 1910 408 1957 sed
430 1907 678 1956 inconditae
701 1907 842 1954 turbae
865 1905 1101 1970 agrestium
1120 1904 1472 1967 servorumque,

181 1986 294 2034 caesa
313 1998 388 2033 aut
410 1996 537 2048 capta
554 1983 642 2030 est:
666 1982 994 2046 minimumque
1012 1981 1193 2045 jafiiurae
1213 1981 1322 2040 fuit,
1345 1980 1473 2044 quod

181 2058 418 2123 praefefiius
450 2058 566 2104 inter
598 2067 770 2104 ceteros
799 2055 859 2102 est
891 2068 1077 2117 captus,
1116 2057 1166 2102 &
1196 2066 1292 2100 tum
1326 2064 1471 2100 teme-

181 2131 310 2179 rariae
339 2148 500 2194 pugnae
526 2130 680 2176 autior
697 2165 711 2187 ,
738 2130 788 2175 &
815 2139 917 2174 ante
943 2126 1234 2190 publicanus,
1255 2125 1470 2172 omnibus

179 2202 310 2249 maiis
340 2203 508 2249 artibus
539 2203 589 2249 δέ
615 2200 877 2263 reipublicae
911 2201 959 2247 &
989 2197 1276 2245 societatibus
1304 2196 1469 2244 infidus

181 2275 522 2338 damnosusque.
554 2274 850 2338 Sempronius
874 2272 1033 2321 consul
1051 2271 1097 2317 in
1118 2270 1305 2318 Lucanis
1330 2271 1470 2317 multa

181 2348 343 2413 proelia
368 2366 536 2412 parva,
556 2350 676 2395 haud
707 2347 848 2395 ullum
869 2347 1054 2410 dignum
1082 2355 1339 2391 memoratu
1355 2380 1371 2400 ,
1402 2343 1469 2389 fe-

182 2422 276 2479 cit:
310 2424 361 2474 &
392 2421 610 2486 ignobilia
646 2419 816 2488 oppida
850 2421 1136 2471 Lucanorum
1172 2416 1350 2481 aliqum
1386 2432 1467 2462 ex-
