1628 2890
296 175 848 223 HISTORIARUM
895 176 1020 222 LlB.
1066 178 1231 224 XXV.
1335 194 1422 244 245

134 284 372 346 Trojugena
409 287 599 330 Cannam
639 287 831 331 Romane
858 284 962 346 fuge
980 303 998 331 .·
1027 305 1077 331 ne
1106 302 1142 332 te
1178 287 1424 348 alienigenae

131 372 285 418 cogant
309 359 355 401 in
381 375 527 417 campo
559 359 788 402 Diomedis
814 358 1015 417 conserere
1043 374 1211 405 rnatum
1237 363 1323 406 Sed
1349 379 1426 407 ne-

131 445 206 487 que
224 430 356 473 credes
377 443 423 472 tu
443 430 570 485 mihi,
591 431 720 473 donec
739 431 953 488 compleris
962 429 1178 491 sanguine
1196 448 1384 490 campum
1400 449 1424 486 ,·

130 503 340 561 multaque
368 503 507 545 millia
543 502 676 562 occisa
711 517 785 547 tua
819 500 976 560 deferat
1007 506 1146 548 amnis
1171 506 1216 549 in
1241 520 1423 564 pontum

130 589 328 633 magnum
345 590 397 617 ex
417 588 522 619 terra
529 571 743 634 frugifhra
757 590 773 616 .·
786 574 975 634 piscibus
991 591 1110 634 atque
1129 577 1278 621 avibus
1284 575 1408 636 feris
1397 601 1422 612 ·-

130 661 226 704 que,
252 663 339 705 quae
373 647 562 691 incolunt
581 661 733 700 terras,
761 647 816 690 iis
826 645 932 703 fuat
957 647 1045 706 esca
1075 666 1170 693 caro
1199 666 1285 694 tua.
1316 666 1420 695 nam

130 717 236 761 milzi
264 720 325 762 ita
344 718 509 778 Jupiter
514 717 639 776 fatus
658 718 720 782 est.
750 718 805 762 Et
834 716 1076 765 Diomedis
1105 719 1266 783 Argivi
1295 738 1421 769 cam-

128 802 213 848 pos
233 788 284 834 &
311 788 511 834 Cannam
539 787 709 833 flumen
725 821 738 844 ‚
760 786 841 849 qui
862 787 1167 835 militaverant
1194 790 1240 836 in
1267 790 1320 838 iis
1343 791 1420 838 10-

129 858 219 917 cis‚
253 857 379 921 juxta
413 870 546 924 atque
573 859 711 922 ipsam
744 858 913 906 cladem
946 860 1262 924 agnoscebant.
1295 866 1421 912 Tum

128 931 316 978 alterum
348 949 527 979 carmen
555 932 815 990 recitatum,
837 948 932 978 non
957 949 1012 979 eo
1045 945 1218 980 tantum
1251 935 1420 984 obscu-

129 1003 246 1062 rius,
265 1005 369 1067 quia
392 1005 635 1053 incertiora
656 1004 807 1052 futura
826 1005 1062 1067 praeteritis
1081 1005 1203 1064 sunt,
1225 1006 1299 1054 sed
1319 1002 1422 1072 perd

127 1075 306 1139 plexius
341 1077 475 1124 etiam
509 1077 737 1141 scripturae
774 1093 949 1140 genere.
981 1080 1176 1144 Hostem,
1203 1083 1393 1128 Romani
1403 1117 1421 1140 9

113 1149 165 1215 si
195 1153 388 1210 expellere
426 1153 557 1197 vultis
573 1186 586 1209 ,
618 1154 928 1212 νοιηὶεανηᾳιιε,
960 1170 1046 1212 quae
1083 1155 1268 1214 gentium
1307 1158 1422 1201 venie

128 1224 245 1283 longe
260 1257 274 1279 ,
297 1225 500 1282 Apollini
520 1227 728 1270 vovendos
758 1225 894 1284 censeo
923 1227 1043 1270 ludos
1057 1260 1073 1280 ,
1102 1228 1176 1285 qui
1193 1231 1420 1286 quotannis

127 1297 294 1339 comiter
315 1297 518 1355 Apollini
533 1296 652 1353 fiant
667 1312 684 1340 .·
702 1313 793 1340 cum
806 1299 992 1356 populus
1011 1298 1165 1342 dederit
1181 1315 1234 1342 ex
1243 1302 1419 1359 publico

122 1384 309 1428 partem,
328 1370 494 1429 privati
513 1372 575 1414 uti
598 1368 812 1428 conferant
839 1388 917 1430 pro
940 1370 985 1426 se
996 1370 1180 1431 sitisque.
1209 1373 1274 1418 Iis
1306 1375 1420 1420 ludis

115 1441 334 1500 faciendis
358 1445 524 1502 praeerit
546 1458 697 1502 praetor
722 1445 790 1499 is,
822 1446 894 1503 qui
921 1443 996 1498 jus
1018 1448 1182 1504 populo
1205 1448 1418 1506 plebeique

127 1516 245 1559 dabit
252 1514 482 1574 summum.
502 1515 747 1560 Decemviri
773 1516 916 1561 Graeco
938 1519 1020 1561 ritu
1040 1516 1178 1581 hostiis
1184 1519 1317 1578 sacra
1333 1518 1420 1577 fiz-

126 1591 253 1633 ciant.
285 1591 390 1634 Haec
405 1588 456 1652 si
476 1589 570 1634 refle
584 1587 778 1647 faxitis,
805 1590 1039 1649 gaudebitis
1059 1591 1247 1651 semper,
1266 1591 1421 1652 fietque

126 1678 187 1706 res
214 1660 340 1728 vestra
371 1663 528 1707 melior.
558 1679 658 1706 nam
686 1662 725 1706 is
755 1660 908 1705 Divus
942 1663 1169 1728 exstinguet
1188 1666 1417 1723 perduelles

124 1734 300 1799 vestros,
334 1738 405 1796 qui
437 1735 585 1801 vestros
627 1752 794 1795 campos
828 1735 1011 1795 pascunt
1046 1738 1229 1796 placide.
1264 1737 1336 1783 Ad
1370 1736 1418 1784 id

125 1822 306 1853 carmen
334 1807 667 1871 explanandum
703 1807 820 1854 diem
856 1824 999 1854 unum
1037 1808 1301 1857 sumserunt.
1330 1827 1419 1873 po-

126 1879 243 1927 stero
265 1880 336 1927 die
358 1880 794 1929 senatusconsultum
814 1880 977 1927 factum
997 1881 1083 1940 est,
1102 1894 1154 1928 ut
1170 1882 1420 1932 decemviri

125 1953 294 2013 libros,
330 1955 386 2002 de
417 1956 534 2002 ludis
573 1956 778 2020 Apollini
809 1972 947 2020 reque
985 1956 1143 2003 divina
1177 1956 1418 2017 faciunda,

124 2025 408 2089 inspicerent.
435 2029 498 2074 Ea
525 2045 628 2076 cum
652 2028 844 2092 inspecla
871 2029 1100 2092 relataque
1130 2029 1187 2075 ad
1215 2029 1417 2079 senatum

127 2100 290 2160 effent,
322 2100 589 2150 censuerunt
612 2105 764 2151 Patres
784 2139 799 2163 ,
826 2105 1031 2165 Apollini
1061 2107 1186 2150 ludos
1209 2109 1421 2152 vovendos

117 2175 424 2238 faciundosque
441 2196 456 2224 .·
478 2177 521 2224 δ’
533 2214 550 2235 ,
581 2182 752 2240 quando
780 2182 872 2225 ludi
885 2179 1000 2238 sach
1032 2177 1177 2244 efflent,
1202 2183 1417 2228 duodecim

127 2253 267 2296 millia
297 2255 387 2298 aeris
408 2256 578 2313 praetori
608 2256 670 2300 ad
697 2274 776 2301 rem
815 2256 1009 2300 divinam
1044 2253 1088 2301 δ’
1120 2259 1230 2301 duas
1265 2257 1421 2323 hostias

128 2324 310 2382 majores
329 2329 514 2374 dandas.
551 2327 756 2376 Alterum
787 2327 1224 2376 senatusconsultum
1252 2328 1419 2379 failum

127 2395 190 2443 est
206 2432 220 2455 ‚
262 2402 328 2446 Ut
354 2402 570 2448 decemviri
591 2403 722 2463 sacra
756 2404 901 2449 Graeco
929 2406 1013 2450 ritu
1035 2403 1225 2462 facerent
1241 2439 1258 2462 ,
1289 2403 1418 2465 iisque

128 2470 270 2537 hostiis
286 2487 303 2517 .·
335 2475 538 2534 Apollini
562 2476 661 2524 bove
686 2493 833 2524 aurato
866 2474 911 2524 δ’
941 2478 1079 2539 capris
1108 2480 1273 2524 duabus
1308 2479 1423 2524 albis

1043 2549 1153 2610 Q}
