1628 2890
263 162 356 209 234
615 144 1176 191 TITILIVII

260 254 404 300 Deum
422 256 485 299 ira
501 287 514 310 ,
534 272 606 299 nec
616 253 717 313 fato
732 288 746 312 ,
761 252 881 312 cujus
899 256 979 314 lege
998 254 1224 298 immobilis
1243 270 1373 298 rerum
1393 254 1543 298 huma:

257 345 406 372 narum
435 328 534 372 ordo
557 327 741 387 seritur,
762 327 847 387 sed
876 328 1001 386 culpa
1029 328 1226 385 periimus
1259 328 1319 370 ad
1351 329 1543 382 Cannas,

257 401 379 455 cujus
396 403 563 446 tandem
583 420 630 446 ea
650 404 771 461 culpa
779 400 873 460 fuit
884 402 908 446 ἓ
926 401 1106 446 militum
1117 434 1130 456 ,
1148 419 1205 445 an
1222 401 1545 460 imperatorum?

256 476 463 535 Equidem
484 477 602 520 miles
620 475 733 537 nihil
746 493 929 536 unquam
951 475 1090 518 dicam
1109 476 1158 518 de
1173 476 1410 534 imperatore
1429 491 1542 529 meo,

256 549 324 592 cui
342 547 567 608 prasertim
587 549 749 608 gratias
764 548 905 608 sciam
926 548 978 592 ab
993 546 1149 607 senatu
1167 547 1280 591 atlas
1296 580 1309 603 ,
1330 548 1442 606 quod
1456 563 1544 590 non
1608 578 1613 584 -

255 621 526 683 desperaverit
553 622 601 665 de
638 622 874 681 republica;
903 621 971 665 cui
992 620 1090 686 post
1102 617 1258 680 fugam
1295 621 1346 663 ab
1384 621 1545 664 Cannis

247 713 326 754 per
348 711 490 739 omnes
507 712 644 740 annos
652 711 924 757 prorogatum
942 696 1171 755 imperium.
1207 696 1363 740 Ceteros
1379 696 1472 740 item
1492 713 1546 740 ex

255 768 440 827 reliquiis
467 770 601 814 cladis
624 768 717 824 ejus
731 802 745 825 ,
765 785 867 828 quos
886 769 1076 813 tribunos
1093 768 1275 812 militum
1296 767 1518 813 habuimus
1531 800 1546 822 ‚

255 839 430 885 honores
450 856 579 901 petere
600 838 643 887 ἕν’
671 859 824 903 gerere,
845 838 887 886 Θ
906 841 1153 901 provincias
1177 841 1352 884 obtinere
1375 841 1547 886 audivi-

255 931 363 961 7nu5.
394 919 474 960 An
494 917 612 962 vobis
635 914 846 980 vestrisque
869 916 1007 960 liberis
1038 913 1254 975 ignoscitis
1262 911 1396 972 facile
1411 948 1425 970 ,
1453 916 1547 958 Pa-

256 1003 335 1034 tres
366 990 618 1050 conscripti,
652 991 698 1034 in
728 990 810 1033 lzaec
841 989 949 1034 vilia
982 991 1121 1048 capita
1139 988 1284 1048 saevi?
1316 985 1358 1033 ὃ*
1390 987 1548 1047 consuli

247 1065 580 1125 primoribusque
598 1065 701 1109 aliis
721 1066 905 1109 civitatis
912 1062 1057 1124 fugere
1073 1097 1087 1119 ,
1105 1080 1194 1106 cum
1201 1061 1302 1122 spes
1321 1061 1409 1105 alia
1427 1065 1548 1107 nulla

255 1135 371 1201 efflt,
390 1153 504 1199 turpe
520 1157 607 1184 non
622 1137 745 1196 fuit;
770 1140 922 1183 milites
941 1139 1077 1198 utique
1105 1138 1324 1182 morituros
1344 1137 1389 1180 in
1418 1136 1549 1180 aciem

255 1212 451 1278 mzfistis?
480 1215 562 1258 Ad
583 1214 751 1256 Alliam
773 1230 904 1272 prope
923 1214 1060 1256 omnis
1087 1212 1291 1255 «exercitus
1312 1207 1432 1269 fugit
1452 1225 1469 1253 .·
1491 1210 1552 1253 ad

255 1288 458 1331 Furculas
487 1288 728 1342 Caudinas,
757 1304 807 1330 ne
826 1299 1017 1345 expertus
1042 1285 1203 1344 quidem
1219 1288 1427 1326 'certamen
1441 1315 1454 1338 ‚
1476 1299 1548 1327 ar-

255 1378 325 1405 ma
345 1362 524 1405 tradidit
539 1360 645 1426 hosti
659 1394 674 1414 ‚
700 1375 746 1404 ut
767 1360 880 1404 alias
892 1358 1119 1418 pudendas
1145 1357 1282 1401 clades
1302 1356 1552 1399 exercituum

256 1451 413 1481 taceam
431 1452 448 1480 .·
468 1451 605 1480 tamen
625 1448 792 1479 tantum
816 1431 956 1492 abfuit
978 1432 1031 1476 ab
1048 1448 1117 1481 e0‚
1136 1445 1182 1474 ut
1204 1430 1294 1474 ulla
1315 1430 1559 1490 ignominia·

255 1510 313 1554 iis
342 1508 586 1554 exercitibus
618 1522 878 1568 quaereretur,
909 1521 955 1550 ut
986 1501 1028 1550 ὃ
1057 1504 1154 1549 urbs
1186 1502 1326 1546 Roma
1352 1520 1429 1562 per
1459 1520 1549 1547 eum

256 1583 501 1641 exercitum,
527 1585 600 1643 qui
624 1584 677 1627 ab
695 1584 822 1627 Allia
854 1584 898 1626 V
896 1579 983 1635 ejos
1013 1576 1320 1638 transfugerat,
1350 1580 1550 1637 recipera-

256 1673 363 1702 retur
373 1675 393 1711 ,·
421 1654 463 1702 ὃ*
497 1654 697 1702 Caudinae
729 1657 937 1716 legiones,
968 1671 1052 1713 quce
1069 1652 1165 1716 sine
1195 1654 1324 1697 armis
1349 1653 1553 1697 redierant

255 1731 462 1785 Romam,
483 1745 653 1775 armatae
684 1726 851 1791 remiffae
882 1730 928 1772 in
958 1727 1211 1779 Samnium,
1230 1726 1398 1770 eundem
1430 1726 1550 1769 illum

256 1804 405 1865 hostem
417 1803 503 1862 sub
523 1801 680 1863 jugum
702 1801 908 1862 miserint,
931 1801 1002 1860 qui
1031 1798 1204 1858 lzacfita
1224 1798 1461 1858 ignominia
1481 1800 1550 1841 lae-

257 1893 371 1924 tatus
380 1875 539 1935 fuerat.
565 1875 819 1936 Cannensem
839 1891 931 1921 vero
958 1872 1175 1933 quisqttam
1202 1873 1424 1916 exercitum
1432 1868 1551 1930 fitgae

257 1967 335 1998 aut
358 1953 534 2012 pavoris
562 1949 799 2013 infimulare
821 1948 978 2012 potest,
1013 1949 1085 1991 ubi
1111 1949 1213 2008 plus
1245 1946 1552 2007 quinquaginta

258 2028 398 2070 millia
416 2026 632 2069 lzominum
655 2025 882 2070 ceciderunt
895 2023 920 2068 .>
947 2024 1054 2067 unde
1075 2021 1226 2081 consul
1240 2039 1328 2066 cum
1349 2019 1554 2080 equitibus

250 2091 654 2158 septicagintafugit
667 2097 692 2140 ,Ρ
720 2098 828 2141 unde
847 2112 967 2140 nemo
974 2094 1157 2160 superest
1167 2128 1180 2150 ,
1198 2092 1284 2156 nisi
1297 2109 1411 2153 quem
1427 2090 1555 2155 hostis>

260 2174 449 2216 cadendo
470 2169 603 2234 feffits
633 2171 832 2231 reliquit?
868 2172 969 2216 Cum
1001 2170 1177 2229 captivis
1203 2167 1396 2213 redemtio
1421 2182 1552 2225 nega-

259 2246 409 2300 batur,
430 2261 507 2288 nos
538 2247 662 2304 vulgo
690 2245 874 2288 homines
901 2243 1160 2297 laudabant,
1183 2242 1295 2300 quod
1323 2238 1556 2299 reipublicae

259 2332 339 2358 nos
357 2312 660 2376 reservaſjemus
679 2332 694 2359 :
716 2316 828 2373 quod
843 2315 903 2357 ad
920 2312 1125 2373 consulem
1146 2309 1368 2374 Venusiam
1386 2306 1554 2371 rediffe-

259 2402 382 2442 mus,
409 2384 451 2431 δ’
466 2386 649 2446 speciem
671 2385 777 2449 justi
803 2382 1260 2447 exercitus-ficiffemus.
1288 2385 1416 2429 Nunc
1445 2386 1555 2427 dete-

263 2462 364 2507 riore
395 2463 629 2508 conditione
635 2460 789 2522 fiemus
802 2495 817 2519 ,
844 2479 968 2522 quam
991 2462 1108 2522 apud
1118 2474 1258 2522 patres
1277 2459 1432 2526 nostros
1449 2455 1554 2516 fue*-⁴

1622 2266 1628 2477 i

1620 2496 1626 2810 ξ
