1628 2890
292 138 839 195 HISTORIARUM
876 146 999 194 LIB.
1051 148 1225 194 XXV.
1324 164 1410 214 255

130 247 316 296 Lucanis
348 249 402 296 ad
429 266 613 313 campos
631 289 643 308 ,
674 252 752 315 qui
780 254 963 300 Veteres
990 266 1238 313 vocantur,
1267 255 1415 318 periit.

193 321 335 370 Xvu.
371 323 507 379 Sunt,
547 324 623 386 qui
653 325 698 369 in
736 340 844 388 agro
883 325 1237 384 Beneventano,
1270 344 1414 390 pro-pe

127 391 339 440 Calorem
375 394 566 442 fluvium
589 433 601 455 ,
631 396 896 456 ostendant,
924 416 948 444 a
974 400 1123 447 castris
1156 417 1258 447 cum
1284 401 1414 448 listo-

128 466 248 512 ribus
279 484 330 514 ac
363 469 504 515 tribus
543 470 680 516 servis
720 470 901 518 lavandi
940 473 1068 520 causa
1098 475 1410 538 progressum,

128 554 230 585 cum
263 539 382 588 forte
415 542 531 591 inter
559 543 703 590 salissa
731 545 878 591 innata
899 545 1005 608 ripis
1027 546 1214 594 laterent
1236 548 1412 606 hostes,

128 612 298 660 nudum
349 628 484 679 atque
537 617 752 665 inermem
772 654 784 676 ,
832 618 1035 683 saxisque
1054 656 1068 676 ,
1109 638 1210 684 quae
1257 623 1413 669 volvit

128 685 294 743 amnis,
316 701 676 751 propugnantem
694 727 709 748 ,
743 689 1041 738 interfedlum.
1074 694 1215 751 Sunt,
1236 696 1315 757 qui
1334 695 1412 743 ha-

125 754 350 816 ruspicum
371 758 550 805 monitu
580 759 854 823 quingentos
887 762 1029 823 paffus
1057 780 1082 809 a
1111 765 1261 812 castris
1297 783 1411 829 pro-

126 828 314 889 gressum
331 866 346 888 ,
365 831 431 877 uti
452 831 558 879 loco
580 849 697 896 puro
715 851 764 880 ea
782 870 795 892 ,
825 851 926 898 quae
946 851 1048 882 ante
1071 837 1182 884 dista
1202 841 1410 905 prodigia

127 899 249 960 sunt,
276 916 563 965 procuraret,
594 906 648 952 ab
669 905 962 956 insidentibus
989 907 1107 956 forte
1131 909 1282 957 locum
1305 913 1412 958 dua-

126 974 209 1024 bus
246 980 401 1026 turmis
445 980 741 1028 Numidarum
790 982 1152 1031 circumventum
1203 983 1409 1034 scribant.

127 1048 240 1096 adeo
271 1068 354 1099 nec
374 1051 503 1100 locus
522 1089 536 1112 ,
564 1070 647 1101 nec
678 1055 793 1101 ratio
812 1056 972 1104 mortis
993 1057 1039 1103 in
1060 1057 1168 1104 viro
1193 1055 1283 1105 tarn
1317 1060 1406 1107 cla-

125 1137 179 1166 ro
208 1124 259 1168 &
289 1123 447 1186 infigni
473 1126 660 1174 constat.
699 1129 882 1176 Funeris
911 1145 1094 1192 quoque
1115 1131 1311 1178 Gracchi
1330 1150 1410 1181 va-

124 1192 188 1239 ria
224 1193 285 1240 est
307 1195 436 1244 fama.
474 1198 562 1244 Alii
592 1199 638 1244 in
668 1199 817 1247 castris
846 1202 1066 1250 Romanis
1094 1203 1314 1266 sepultum
1351 1207 1407 1251 ab

125 1264 212 1312 suis
230 1302 243 1325 ,
271 1268 344 1315 alii
375 1270 431 1315 ab
463 1271 714 1319 Hannibale
745 1273 826 1337 (&
852 1276 903 1321 'ea
924 1275 1151 1339 vulgatior
1181 1275 1296 1324 fama
1316 1277 1406 1341 est)

123 1341 308 1389 tradunt
339 1342 386 1389 in
415 1344 641 1391 vestibulo
663 1347 939 1395 Punicorum
965 1348 1212 1396 castrorum
1243 1366 1405 1413 rogum

124 1413 393 1463 exstrustum
430 1417 527 1466 effe.
567 1431 786 1467 armatum
820 1422 1067 1469 exercitum
1106 1424 1405 1470 decucurrisse

125 1502 227 1532 cum
252 1488 461 1551 tripudiis
489 1492 793 1555 Hispanorum
814 1530 827 1554 ,
854 1495 1140 1559 motibusque
1175 1513 1404 1544 armorum

123 1559 174 1604 &
202 1576 452 1623 corporum
475 1563 564 1612 suae
593 1565 754 1629 cuique
782 1568 901 1631 genti
928 1568 1127 1628 afi'uetis,
1157 1569 1255 1632 ipso
1279 1571 1405 1616 Han-

121 1629 272 1678 nibale
292 1634 419 1681 omni
438 1652 589 1683 rerum
611 1639 948 1704 verborumque
969 1640 1150 1687 honore
1174 1640 1404 1704 exsequias

122 1702 390 1755 celebrante,
424 1708 533 1754 Haec
554 1710 760 1770 tradunt,
791 1712 870 1776 qui
896 1713 943 1758 in
968 1714 1160 1760 Lucanis
1186 1713 1249 1760 rei
1275 1714 1404 1777 gestae'

122 1779 326 1827 aridiores
365 1782 476 1830 sunt.
518 1783 576 1829 Si·
597 1785 683 1831 illis
704 1821 718 1843 ‚
755 1786 832 1849 qui
864 1787 920 1832 ad
955 1787 1167 1833 Calorem
1210 1786 1404 1834 fluvium

121 1850 401 1902 interfefflum
436 1870 717 1916 memorant,
743 1860 921 1907 credere
952 1861 1095 1919 velis;
1118 1861 1272 1926 capitis
1303 1874 1403 1908 tan-

121 1936 216 1972 tum
237 1929 434 1977 Gracchi
461 1931 606 1977 hostes
635 1934 773 1995 potiti
791 1933 903 1981 sunt.
942 1951 997 1981 eo
1022 1935 1168 1981 delato
1195 1936 1247 1981 ad
1282 1936 1402 1981 Han-

123 1999 313 2047 nibalem
333 2037 346 2059 ‚
383 2002 530 2050 missus
561 2006 615 2052 ab
645 2023 701 2053 eo
734 2007 969 2055 confestim
992 2008 1236 2065 Carthalo,
1258 2008 1402 2070 quiin

122 2071 261 2118 castra
294 2073 501 2121 Romana
530 2076 585 2122 ad
616 2077 702 2123 Cn.
718 2079 986 2125 Cornelium
1020 2079 1286 2141 quaestorem
1325 2078 1404 2124 de·-

119 2141 271 2190 ferret.
311 2144 347 2192 is
380 2144 513 2193 funus
545 2147 831 2210 imperatoris
868 2150 914 2195 in
947 2150 1094 2196 castris
1117 2186 1130 2208 ‚
1168 2150 1400 2197 celebran-

119 2217 240 2263 tibus
266 2235 366 2264 cum
393 2219 595 2267 exercitu
623 2222 979 2278 Beneventanis,
1012 2221 1132 2269 fecit.

187 2291 354 2337 XVIH.
393 2291 651 2350 Consules,
689 2309 843 2357 agrum
882 2295 1162 2357 Campanum
1195 2294 1367 2358 ingreffi
1388 2331 1402 2354 ,

119 2378 226 2409 cum
255 2364 406 2426 paffim
425 2365 779 2428 popularentur,
805 2368 1044 2431 eruptione
1064 2369 1400 2432 oppidanorum

118 2438 170 2484 &
201 2438 414 2502 Magonis
443 2456 545 2486 cum
574 2442 775 2504 equitatu
808 2443 951 2491 territi
984 2444 1034 2490 δι
1062 2442 1251 2507 trepidi,
1273 2444 1327 2490 ad
1348 2443 1404 2488 fi-
