1628 2890
287 162 822 213 HISTORIARUM
872 162 999 210 LIB.
1042 161 1246 209 XXIII.
1345 175 1402 224 93

124 271 310 337 perham
354 269 743 325 dominationem,
781 267 1165 332 miserabilemque
1201 267 1412 315 Tarenti-

123 361 293 394 norum
319 342 602 400 servitutem,
638 341 845 405 exempla
880 341 1105 398 referens,
1139 339 1319 403 primo,
1352 357 1410 387 ne

126 417 400 482 reciperetur
417 416 693 480 praefidium‚
712 414 858 476 palam
878 413 1154 462 vociferatus
1174 412 1235 460 est
1254 431 1264 460 :
1282 413 1412 459 dein-

125 490 184 536 de
198 526 212 545 ,
230 501 281 536 ut
298 500 525 552 receptum
550 499 627 535 aut
645 486 882 548 ejiceretur
898 521 910 543 ,
931 499 1007 532 aut
1022 522 1036 544 ‚
1056 485 1088 532 fi
1108 486 1273 533 malum
1297 485 1411 534 faci-³

126 579 235 621 nus,
257 562 385 625 quod
421 579 446 607 a
480 558 779 607 vetustissimis
814 558 945 605 sociis
983 558 1410 622 consanguineisque

125 633 415 692 defecissent,
451 631 561 679 forti
593 648 644 678 ac
676 630 962 677 memorabili
991 630 1194 677 facinore
1222 648 1411 694 purgare

125 706 330 765 vellent,
363 717 439 764 ut,
473 702 709 751 interfe&o
738 701 911 749 Punico
940 702 1171 764 praesidio,
1205 702 1411 749 restitue-

126 790 228 825 rent
247 778 289 825 se
311 777 539 825 Romanis.
559 777 668 824 Haec
689 774 858 839 (neque
879 774 999 821 enim
1019 774 1199 822 occulte
1219 777 1413 839 ageban-

125 853 224 919 tur)
255 871 355 902 cum
376 855 512 901 relata
541 850 783 898 Hannibali
803 850 966 905 effent3
991 848 1141 911 primo
1166 848 1282 895 misit
1292 885 1308 907 ,
1330 849 1412 913 qui

126 940 347 975 vocarent
375 926 573 990 Magium
607 924 662 970 ad
693 921 780 970 sese
813 921 857 967 in
888 922 1056 970 castra:
1085 920 1277 978 deinde,
1307 937 1411 967 cum

124 997 163 1046 is
194 999 405 1047 ferociter
423 997 614 1062 negasset
633 995 676 1043 se
696 996 865 1042 iturum
891 994 1007 1059 (nec
1025 994 1147 1041 enim
1171 994 1416 1043 Hannibali

124 1070 195 1135 jus
222 1073 306 1120 effe
339 1073 387 1120 in
419 1071 566 1120 civem
595 1066 910 1133 Campanum)
935 1067 1188 1115 concitatus
1216 1066 1280 1113 ira
1304 1069 1414 1114 Poe-

127 1161 241 1204 nus,
277 1143 600 1208 comprehendi
630 1141 887 1198 hominem,
924 1140 1218 1204 vinctumque
1249 1140 1414 1187 attrahi

128 1217 184 1264 ad
214 1217 256 1265 se
283 1216 414 1280 juffit.
445 1215 614 1264 veritus
645 1214 833 1273 deinde,
853 1230 909 1260 ne
930 1213 1041 1277 quid
1071 1212 1187 1260 inter
1214 1212 1312 1260 vim
1339 1226 1415 1259 tu·-

128 1290 296 1336 multus
309 1326 323 1349 ‚
338 1304 471 1353 atque
489 1306 544 1334 ex
567 1288 875 1335 concitatione
893 1287 1151 1334 animorum
1170 1285 1415 1333 inconsulti

130 1365 387 1413 certaminis
413 1363 632 1419 oriretur,
654 1361 773 1425 ipse,
794 1361 1015 1425 praemiffo
1044 1360 1210 1407 nuntio
1232 1360 1285 1407 ad
1309 1363 1414 1406 Ma-

128 1436 245 1483 rium
259 1435 453 1482 Blofium
475 1445 717 1496 praetorem
742 1433 1026 1494 Campanum
1042 1467 1056 1490 ‚
1076 1431 1259 1494 postero
1282 1431 1351 1477 die
1373 1430 1415 1477 se

129 1510 298 1572 Capuae
318 1507 518 1555 futurum
533 1543 546 1565 ‚
568 1505 867 1569 proficiscitur
889 1522 912 1551 e
935 1504 1083 1552 castris
1106 1521 1208 1552 cum
1226 1504 1416 1550 modico

131 1580 353 1646 praefidio,
378 1580 546 1627 Marius
574 1579 804 1626 concione
822 1579 1046 1625 advocata
1072 1577 1234 1636 edicit,
1255 1589 1303 1624 ut
1324 1576 1416 1623 sre-

131 1670 319 1721 quentes
358 1674 459 1704 cum
503 1655 770 1718 conjugibus
805 1672 855 1701 ac
886 1653 1036 1700 liberis
1073 1652 1262 1699 obviam
1298 1652 1416 1698 irent

133 1727 392 1776 Hannibali.
424 1727 493 1774 Ab
520 1725 738 1773 universis
762 1726 808 1771 id
842 1742 937 1772 non
959 1723 1223 1771 obedienter
1249 1722 1417 1780 modo,

131 1799 208 1849 sed
225 1800 384 1859 enixe,
406 1798 566 1846 favore
588 1797 720 1847 etiam
739 1797 896 1861 vulgi,
917 1799 967 1844 &
986 1796 1133 1843 studio
1153 1794 1327 1844 visendi
1346 1805 1418 1840 tot

134 1872 223 1936 jam
245 1873 449 1921 victoriis
468 1873 635 1920 clarum
656 1872 1000 1934 imperatorem,
1021 1869 1186 1915 factum
1211 1868 1287 1916 est.
1316 1868 1418 1914 De-

82 1947 87 1954 ’
134 1946 231 1996 cius
256 1946 429 2009 Magius
459 1962 541 1991 nec
572 1944 756 1992 obviam
787 1941 975 2005 egressus
997 1941 1057 1987 est
1074 1977 1088 1999 ‚
1110 1956 1219 1999 nec,
1239 1956 1331 2003 quo
1355 1938 1416 1984 ti·-

134 2034 310 2066 morem
346 2018 540 2080 aliquem
573 2033 628 2062 ex
664 2014 939 2063 conscientia
969 2010 1215 2076 significare
1247 2011 1418 2073 posset,

134 2091 348 2155 privatim
374 2091 415 2137 se
436 2090 580 2137 tenuit
601 2089 674 2136 :in
703 2088 810 2135 foro
836 2105 938 2134 cum
968 2085 1064 2132 filio
1094 2084 1419 2147 clientibusque

135 2165 291 2229 paucis
312 2163 454 2211 otiose
475 2160 772 2209 inambulavit
788 2195 801 2216 ‚
831 2157 1082 2220 trepidante
1109 2169 1205 2202 tota
1230 2155 1418 2202 civitate

135 2237 192 2284 ad
214 2236 528 2299 excipiendum
562 2236 754 2280 Poenum
786 2231 1122 2293 visendumque.
1159 2229 1419 2283 Hannibal,

135 2310 348 2373 ingressus
380 2310 558 2366 urbem,
586 2307 781 2353 senatum
814 2305 1042 2367 extemplo
1073 2302 1291 2366 postulat,
1313 2319 1418 2365 pre·

136 2380 424 2445 cantibusque
442 2382 545 2428 inde
566 2378 838 2443 primoribus
857 2379 1198 2440 Campanorum
1213 2411 1226 2431 ‚
1242 2391 1296 2421 ne
1310 2373 1418 2438 quid

135 2471 193 2505 eo
215 2456 285 2503 die
313 2456 434 2502 seria:
462 2455 528 2504 rei
557 2466 759 2520 gereret,
789 2453 996 2516 diemque
1026 2462 1076 2498 ut
1098 2448 1190 2515 ipse
1217 2448 1418 2497 adventu
