1628 2890
296 126 846 177 HISTORtARUM
894 129 1017 221 ¹:¹3·
1063 131 1229 181 xxti.
1348 148 1406 200 35

121 237 283 304 (quod
309 236 499 295 *minime
531 236 630 301 quis
661 236 894 303 crederet)
915 254 1018 287 cum
1047 239 1188 288 hostis
1217 241 1410 306 propius

121 311 246 369 effer,
267 308 442 355 tertiam
468 320 637 371 partem
654 306 854 356 ‘militum
878 309 1221 374 frumentatum,
1239 315 1411 364 duabus

119 382 168 429 in
187 381 335 428 castris
364 381 546 427 retentis
564 416 578 439 ,
604 380 768 427 dimifit
786 399 797 427 ε
817 381 920 427 dein
943 382 1084 430 castra
1108 383 1198 446 ipsa
1220 385 1412 449 propius
1444 377 1452 390 ’

118 454 290 502 hostem
319 454 494 510 movit,
519 452 610 498 duo
632 451 770 498 ferme
787 470 812 499 3
840 455 1051 501 Geronio
1079 456 1242 516 millia,
1261 457 1310 521 in
1338 469 1412 511 tu-

120 526 291 574 mulum
315 524 431 571 hosti
451 523 767 586 conspeffi1m3
788 537 837 570 ut
855 523 1080 573 intentum
1103 527 1232 576 sciret
1252 530 1336 576 effe
1355 531 1412 578 ad

120 599 467 647 frumentatores
482 634 496 656 ,
517 598 548 643 fi
566 614 654 660 qua
681 597 754 644 vis
785 596 939 655 fieret,
958 603 1186 649 tutandos.
1211 604 1412 666 Propior

119 672 225 719 inde
254 673 323 730 ei,
348 683 478 734 atque
506 668 609 732 ipfis
632 669 872 716 imminens
902 671 1226 722 'Romanorum
1259 676 1413 724 castris

119 746 318 797 tumulus
352 742 586 805 apparuit:
615 742 672 788 ad
691 758 824 805 quem
848 743 1116 807 capiendum
1139 747 1171 793 fi
1202 748 1300 796 lu'ce
1332 768 1412 814 pa-

119 820 209 867 lam
244 819 413 873 iretur,
449 816 553 879 quia
585 814 705 860 haud
739 816 873 863 dubie
905 818 1045 865 hostis
1084 820 1300 870 breviore
1335 825 1411 877 via

118 901 434 955 praeventurus
456 899 576 945 erat,
610 888 742 933 noete
768 888 882 950 clam
906 890 1020 936 miffi
1042 893 1252 941 Numidae
1277 912 1412 960 cepe-

120 974 241 1011 runt.
279 978 394 1026 quos
429 969 630 1007 tenentes
661 959 848 1020 locum,
888 974 1119 1011 contemta
1157 969 1412 1028 paucitate,

119 1034 319 1088 Romani
349 1036 531 1100 postero
555 1035 626 1082 die
646 1053 750 1082 cum
773 1036 1020 1098 ejecissent,
1042 1038 1121 1101 ipfi
1143 1057 1199 1087 eo
1217 1044 1412 1091 transfe—

5 1107 11 1142 ἵ
117 1125 225 1160 runt
247 1111 394 1158 castra.
423 1111 543 1157 Tum
565 1110 749 1173 itaque,
769 1123 821 1157 ut
850 1110 1063 1175 exiguum
1084 1113 1211 1176 spatii
1234 1118 1412 1167 vallum

116 1204 145 1234 a
166 1185 289 1232 vallo
310 1183 489 1241 aberat,
511 1184 560 1229 &
579 1182 625 1227 id
643 1182 788 1244 ipsum
808 1195 956 1230 totum
978 1201 1122 1247 prope
1142 1189 1413 1252 compleve-

117 1271 187 1307 rat
211 1260 418 1304 Romana
443 1255 585 1312 acies,
611 1255 740 1302 fimul
767 1258 816 1303 &
844 1272 923 1318 per
952 1257 1105 1303 aversa
1129 1260 1267 1306 castra
1294 1280 1319 1309 a
1337 1281 1413 1310 ca-

118 1331 218 1379 stris
239 1327 504 1376 Hannibalis
526 1327 773 1391 equitatus,
792 1344 897 1375 cum
922 1325 1014 1374 levi
1036 1342 1255 1379 armatura
1277 1335 1412 1382 emis-

120 1405 221 1454 sus
212 1422 258 1451 m
278 1404 647 1459 frumentatores,
667 1401 753 1448 late
773 1403 937 1448 caedem
958 1401 1196 1468 fugamque
1211 1407 1412 1459 hostium

119 1479 377 1544 palatorum
411 1476 531 1522 fecit.
562 1492 646 1522 nec
675 1474 770 1522 acie
799 1487 968 1522 certare
999 1477 1225 1526 Hannibal
1252 1481 1413 1540 ausus;

120 1551 228 1615 quia
251 1561 373 1596 tanta
406 1547 630 1611 paucitate
658 1548 740 1596 vix
764 1541 928 1604 castra
955 1547 986 1595 si
1008 1565 1379 1613 oppugnarentur
1395 1587 1413 1614 ‚

121 1621 259 1670 tutari
290 1632 480 1683 poterat.
511 1621 693 1683 Jamque
722 1619 888 1666 artibus
919 1619 1044 1666 Fabii
1076 1619 1211 1686 (pars
1236 1627 1413 1674 exerci-

121 1707 194 1742 tus
215 1689 426 1755 aberat)
415 1709 504 1754 jam
524 1691 662 1738 ferme
684 1691 877 1738 sedendo
898 1693 947 1739 &
968 1694 1221 1741 cunctando
1242 1696 1414 1748 bellum

122 1768 331 1832 gerebat,
365 1780 680 1829 receperatque
714 1765 818 1813 suos
854 1765 899 1811 in
935 1767 1089 1828 priora
1116 1763 1275 1829 castra,
1309 1790 1413 1839 quae

124 1856 211 1904 pro
234 1838 428 1887 Geronii
458 1839 686 1885 moenibus
705 1851 844 1886 erant.
877 1839 993 1886 Justa
1019 1857 1205 1905 quoque
1234 1845 1328 1891 acie
1361 1849 1413 1909 ὃς

125 1912 302 1959 collatis
337 1911 468 1975 fignis
504 1913 796 1971 dimicatum,
831 1913 1011 1976 quidam
1051 1916 1254 1964 auctores
1295 1919 1411 1970 sunt„

126 1986 276 2050 prim‘o
298 1986 519 2033 concursu
538 1989 730 2034 Poenum
757 1987 896 2052 usque
912 1989 966 2034 ad
988 1989 1125 2036 castra
1151 1989 1292 2038 fusum
1308 2029 1320 2049 ‚
1340 1994 1413 2040 in-

126 2060 182 2105 de
227 2059 464 2120 eruptione
506 2059 616 2107 fa&a
664 2073 848 2123 repente
885 2061 1071 2114 versum,
1112 2074 1330 2112 terrorem
1365 2068 1414 2115 in

123 2133 362 2179 Romanos
388 2152 398 2180 :
431 2134 567 2181 Num,
601 2135 802 2182 Decimii
834 2131 1238 2185 Samnitis'deinde
1268 2140 1412 2198 inter-a

126 2218 272 2253 ventu
291 2205 505 2268 proelium
525 2207 788 2254 restitutum.
808 2209 966 2266 Hunc,
982 2209 1233 2273 principem
1251 2230 1414 2276 genere

126 2295 176 2326 ac
199 2278 371 2325 divitiis
401 2296 496 2326 non
518 2281 712 2328 Boviani
746 2282 913 2341 modo,
931 2283 1050 2329 unde
1078 2297 1193 2343 erat,
1215 2285 1286 2332 sed
1308 2300 1412 2334 toto

127 2352 310 2399 Samnio
329 2388 343 2412 ,
372 2353 487 2415 j'uffu
528 2354 756 2405 dictatoris
787 2356 892 2402 οᾶο
923 2357 1060 2403 millia
1095 2358 1327 2420 peditum,
1361 2363 1413 2409 δέ

126 2427 298 2491 equites
327 2428 600 2492 quingentos
636 2429 875 2485 ducentem
908 2430 956 2477 in
992 2429 1161 2490 castra,
1196 2424 1251 2479 ab
1283 2445 1415 2496 tergo

1027 2504 1130 2551 Ca.
