1628 2890
245 210 792 258 HxsTORIARUM
839 212 968 256 Lis.
1011 211 1214 258 XXIV.
1284 229 1370 259 211

146 318 241 365 XL.
272 318 434 364 Eadem
454 317 618 364 aestate
639 319 689 364 &
715 333 817 364 cum
842 317 1055 381 Philippo
1089 336 1221 382 rege,
1248 319 1373 382 quod

80 389 170 454 jam
197 404 298 437 ante
325 390 574 453 suspectum
595 389 766 447 fuerat,
787 403 962 437 motum
994 392 1163 439 bellum
1183 392 1258 440 est.
1289 396 1377 440 Le·-

81 465 172 528 gati
194 464 248 510 ab
263 464 410 511 Orico
442 464 497 509 ad
516 466 579 509 M.
599 462 833 509 Valerium
854 481 1097 526 praetorem
1127 479 1374 525 venerunt,

82 537 390 600 praesidentem
423 537 541 583 classi
571 536 807 583 Brundifio
835 538 1148 603 Calabriaeque
1177 541 1298 588 circa
1318 542 1375 588 li·-

81 610 288 667 toribus,
324 609 582 655 nuntiantes
606 643 620 666 ‚
649 608 904 671 Philippum
943 610 1139 673 primum
1180 614 1378 676 Apollo-

84 684 204 729 niam
227 682 434 739 tentasse,
458 680 614 728 lembis
642 681 886 728 biremibus
906 696 1086 729 centum
1106 686 1268 749 viginti
1292 686 1378 733 flu-

82 756 206 803 mine
234 753 422 803 adverso
443 753 703 800 subvectum
721 771 730 798 :
757 754 918 800 deiude
934 790 947 812 ‚
966 768 1015 802 ut
1035 773 1086 802 ea
1109 774 1178 803 res
1205 759 1377 805 tardior

86 827 161 890 spe
193 826 356 884 fuerit,
389 827 445 872 ad
478 825 671 872 Oricum
699 825 815 871 clam
846 826 980 872 nocte
1014 829 1260 875 exercitum
1294 831 1376 876 acl-

84 899 302 948 moviffe:
343 915 531 961 eamque
568 898 755 956 urbem,
785 896 910 944 fitam
946 898 992 944 in
1028 899 1196 961 plano,
1228 918 1378 966 neque

85 971 344 1031 moenibus,
378 988 525 1035 neque
553 971 665 1018 viris
697 983 830 1033 atque
854 971 988 1018 armis
1020 973 1217 1019 validam
1237 1011 1250 1032 ‚
1283 976 1381 1038 pri-

86 1062 166 1092 mo
203 1045 374 1108 impetu
407 1044 658 1107 oppreffam
694 1044 791 1090 effe.
830 1045 940 1092 Haec
980 1045 1238 1093 nuntiantes
1271 1065 1377 1094 ora-

85 1115 222 1173 bant,
243 1128 291 1161 ut
311 1132 446 1178 opem
464 1114 600 1161 ferret
619 1151 632 1173 ‚
651 1116 914 1179 hostemque
942 1117 1060 1163 haud
1081 1118 1266 1165 dubium
1282 1122 1379 1167 Ro·-

85 1189 230 1235 manis
245 1225 258 1247 ‚
294 1202 410 1235 terra
433 1200 509 1236 aut
527 1189 763 1235 maritimis
783 1189 956 1238 viribus
975 1205 1173 1248 arceret3
1209 1193 1288 1255 qui
1316 1196 1379 1241 ob

86 1262 258 1308 nullam
285 1262 414 1308 aliam
443 1261 643 1319 causam,
667 1263 746 1309 nifi
767 1265 894 1326 quod
911 1263 1200 1312 imminerent
1217 1267 1380 1327 Italiae,

86 1349 362 1398 peterentur.
395 1338 457 1383 M.
482 1337 689 1383 Valerius
706 1373 719 1395 ,
742 1337 949 1399 praefidio
983 1339 1075 1386 loci
1105 1338 1200 1400 ejus
1221 1342 1379 1390 reficio

86 1407 139 1453 P.
163 1407 349 1453 Valerio
381 1407 558 1471 legato,
592 1425 694 1454 cum
728 1408 857 1455 claffe
878 1409 1086 1457 instructa
1113 1425 1380 1476 parataque?

88 1481 167 1537 &‚
207 1482 333 1545 quod
363 1482 512 1545 longae
545 1498 682 1530 naves
704 1482 897 1530 militum
926 1501 1084 1549 capere
1120 1503 1216 1532 non
1247 1503 1382 1550 pote-

89 1564 224 1611 rant,
260 1553 307 1598 in
346 1553 575 1599 onerarias
614 1553 869 1616 impositis,
904 1556 1048 1602 altero
1082 1557 1153 1604 die
1187 1560 1381 1609 Oricum

88 1625 327 1689 pervenit:
360 1626 609 1689 urbemque
640 1643 763 1683 eam,
802 1627 893 1676 levi
927 1640 1108 1676 tenente
1144 1634 1381 1695 praefidim

90 1700 221 1762 quod
258 1700 471 1746 recedens
514 1699 619 1745 inde
664 1700 908 1764 reliquerat
946 1702 1211 1765 Philippus,
1261 1708 1380 1754 haud

90 1787 260 1835 magno
292 1771 536 1818 certamine
570 1773 751 1835 recepit.
790 1774 944 1836 Legati
968 1791 1024 1821 eo
1050 1776 1104 1822 ab
1129 1778 1384 1839 Apollonia

91 1858 346 1904 venerunt,
367 1847 653 1903 nuntiantes,
679 1846 726 1892 in
753 1847 990 1892 obsidione
1011 1847 1125 1905 sese,
1159 1852 1284 1913 quod.
1304 1853 1384 1898 der-

91 1917 227 1966 ficere
259 1919 314 1965 ab
344 1919 563 1966 Romanis
594 1918 799 1977 nollent,
836 1921 947 1967 effe:
986 1938 1132 1985 neque
1170 1922 1383 1972 sustinere

92 1991 210 2037 ultra
239 1991 333 2038 vim
360 1993 663 2039 Macedonum
700 1993 824 2056 posse
842 2029 856 2052 ‚
886 1993 967 2040 nifi
996 1994 1246 2057 praesidium
1274 1998 1386 2045 mit·

92 2076 213 2111 tatur
238 2065 513 2112 Romanum.
550 2068 784 2114 Facturum
807 2067 870 2126 se,
901 2085 1002 2131 quae
1024 2069 1194 2116 vellent
1211 2106 1223 2125 .,
1246 2072 1385 2132 polli-

91 2138 239 2195 citus,
266 2139 359 2184 duo
389 2138 528 2185 millia
551 2139 828 2187 deleciorum
849 2140 1042 2186 militum
1068 2143 1257 2189 navibus
1279 2138 1384 2193 lon-

94 2211 159 2274 gis
179 2211 315 2258 mittit
331 2213 387 2258 ad
405 2212 568 2259 ostium
587 2212 784 2260 fluminis
797 2251 811 2273 ,
831 2231 933 2261 cum
954 2213 1166 2277 praefecto
1186 2216 1385 2278 socium,

95 2285 158 2344 Q.
184 2285 355 2332 Naevio
382 2286 556 2345 Crista,
578 2287 684 2334 viro
713 2287 911 2349 impigro
943 2288 993 2334 &
1018 2287 1166 2349 perito
1199 2289 1385 2338 militiae.

94 2357 157 2414 ls,
175 2357 388 2419 expositis
422 2358 469 2404 iu
499 2370 662 2405 terram
691 2359 936 2417 militibus,
966 2359 1240 2423 navibusque
1273 2365 1386 2409 Ori-

97 2443 200 2474 cum
231 2442 378 2489 retr0,
413 2431 532 2478 unde
561 2446 774 2491 venerat,
801 2435 854 2479 ad
888 2446 1080 2480 ceteram
1114 2434 1286 2481 classem
1316 2453 1387 2481 re-

95 2502 262 2563 miffis‚
285 2505 448 2554 milites
478 2507 642 2570 procul
671 2524 694 2554 a
724 2506 908 2559 flumine
943 2523 1021 2570 per
1054 2507 1175 2553 viam
1204 2509 1388 2556 minime

1058 2580 1102 2625 (ζ)
1140 2597 1166 2625 2
