1628 2890
257 139 819 187 HISTORIARUM
868 141 995 187 LIB.
1031 141 1239 189 XXVI.
1310 158 1401 206 357

124 245 381 296 custodibus
395 282 409 305 ‚
427 257 503 293 aut
519 246 665 304 caesis,
684 247 920 294 Romanos
939 247 994 294 ad
1022 247 1067 294 id
1092 248 1233 311 ipsum
1252 248 1403 296 miffos

121 321 169 367 in
189 322 343 368 urbem
364 326 646 385 acceperunt.
675 324 730 367 Et
756 338 860 368 cum
887 322 1061 385 agmine
1077 322 1167 385 jam
1189 324 1233 370 in
1257 324 1405 372 media

120 393 244 440 urbis
263 411 314 441 ac
334 393 483 440 forum
503 411 668 457 magno
692 394 890 441 tumultu
911 395 1049 442 iretur
1062 432 1076 455 ‚
1097 411 1216 444 ratus
1236 398 1404 444 Hanno

121 481 219 511 non
237 465 377 522 aliud,
392 483 521 529 quam
542 466 784 513 tumultum
803 485 855 514 ac
876 467 1159 516 seceffionem
1184 469 1262 534 (id
1278 470 1404 534 quod

120 538 171 584 &
189 549 291 583 ante
310 537 559 602 acciderat)
582 538 879 586 Numidarum
900 538 1010 599 effe,
1027 542 1081 587 ad
1100 542 1403 604 comprimen-

119 609 221 655 dam
245 609 508 657 seditionem
527 611 749 673 proceffit.
778 623 909 675 atque
930 612 1025 669 ille,
1055 629 1159 659 cum
1187 613 1227 659 ei
1247 612 1403 659 multi-

121 682 234 728 tudo
253 681 419 744 major,
440 698 572 745 quam
590 681 908 741 Numidarum,
930 684 1089 745 procul
1108 684 1198 732 visa
1214 720 1227 743 ,
1245 686 1295 733 <Sc
1312 685 1404 732 cla-

119 771 222 801 mor
250 757 480 802 Romanus
498 754 843 818 haudquaquam
862 755 1042 818 ignotus
1066 757 1119 803 ad
1137 773 1264 804 aures
1283 758 1406 805 acci-

120 826 271 884 disset,
301 828 453 890 prius,
487 843 621 889 quam
650 825 705 871 ad
733 826 867 873 ictum
896 827 973 872 teli
996 829 1199 886 veniret,
1225 830 1405 890 capessit

119 899 287 962 fugam.
314 916 392 962 per
409 898 601 945 aversam
620 910 794 958 portam
814 899 1010 973 emiiffus,
1025 901 1215 948 affumto
1236 903 1405 950 comite

118 972 353 1035 Epicyde,
379 988 481 1019 cum
510 970 662 1034 paucis
691 972 746 1018 ad
777 989 897 1018 mare
931 974 1168 1034 pervenit:
1197 976 1404 1038 nactique

119 1058 379 1107 opportune
404 1060 596 1106 parvum
623 1044 854 1107 navigium
868 1081 881 1103 ‚
901 1046 1050 1092 relicta
1071 1046 1268 1094 hostibus
1287 1047 1404 1094 Sici-

120 1115 177 1162 lia
192 1151 206 1173 ,
228 1117 282 1162 de
302 1133 386 1179 qua
408 1132 486 1178 per
505 1126 575 1161 tot
598 1132 740 1161 annos
762 1128 979 1163 certatum
1000 1130 1093 1164 erat
1107 1153 1120 1175 ‚
1141 1118 1186 1178 in
1206 1118 1405 1166 Africam

118 1189 401 1251 trajecerunt.
437 1187 522 1234 alia
551 1188 796 1235 multitudo
839 1191 1091 1237 Poenorum
1123 1191 1408 1248 SIculorum-¹
1457 1226 1459 1229 -

121 1271 234 1324 que,
264 1276 320 1306 ne
353 1270 527 1306 tentato
563 1259 741 1320 quidem
778 1262 1049 1320 certamine,
1079 1279 1180 1309 cum
1215 1265 1324 1311 caeci
1355 1264 1406 1312 in‘

119 1331 269 1396 fugam
292 1343 469 1378 ruerent
485 1365 499 1387 ,
519 1330 738 1393 ciaufique
763 1332 909 1378 exitus
927 1333 1064 1379 essent
1077 1369 1090 1392 ‚
1110 1334 1228 1381 circa
1248 1348 1406 1397 portas

119 1404 243 1453 caesa.
275 1403 462 1467 Oppido
490 1415 673 1464 recepto
703 1403 914 1449 Laevinus
932 1439 947 1461 ,
974 1405 1051 1468 qui
1083 1406 1226 1469 capita
1256 1424 1404 1454 rerum

122 1478 354 1542 Agrigenti
375 1489 498 1524 erant
513 1512 527 1535 ‚
552 1476 687 1540 virgis
708 1476 845 1524 caesos
864 1478 1004 1526 securi
1024 1480 1228 1542 percuffit
1248 1494 1404 1528 :vcete-

121 1571 198 1602 ros
211 1553 492 1617 praedamque
507 1552 728 1598 vendidit.
755 1568 936 1599 omnem
953 1553 1188 1615 pecuniam
1206 1555 1404 1602 Romam

120 1628 249 1675 mifit.
294 1631 426 1674 Fama
460 1625 855 1689 Agrigentinorum
893 1626 1033 1673 cladis
1069 1626 1264 1673 Siciliam
1299 1644 1404 1674 cum

121 1699 395 1764 pervafiffet,
420 1697 574 1745 omnia
600 1708 781 1759 repente
809 1697 862 1743 ad
891 1698 1124 1745 Romanos
1148 1699 1404 1747 inclinave—

121 1784 239 1821 runt.
271 1771 452 1819 Prodita
475 1771 606 1818 brevi
631 1770 730 1817 sunt
751 1770 914 1834 viginti
943 1773 1110 1835 oppida
1129 1791 1140 1819 :
1158 1773 1233 1818 sex
1251 1772 1301 1820 vi
1329 1787 1405 1821 cad

120 1856 197 1908 pta
222 1863 233 1892 :
268 1842 526 1892 voluntaria
563 1842 790 1889 deditione
827 1843 874 1889 in
909 1842 1041 1890 fidem
1085 1856 1311 1892 venerunt
1345 1846 1404 1892 ad

119 1916 425 1982 quadraginta.
468 1933 653 1980 quarum
697 1916 931 1964 civitatum
971 1918 1251 1981 principibus
1297 1936 1404 1967 cum

122 2007 208 2054 pro
230 1989 441 2052 cujusque
464 1989 626 2036 merito
647 1989 802 2035 consul
826 1990 967 2052 pretia
990 1990 1236 2054 poenasque
1256 1991 1403 2038 exsol-

123 2063 280 2119 visset,
301 2062 599 2125 coegissetque
621 2061 827 2120 Siculos,
855 2063 1008 2125 positis
1037 2063 1215 2110 tandem
1238 2065 1402 2123 armis,

120 2138 176 2184 ad
209 2153 362 2200 agrum
398 2135 641 2182 colendum
674 2136 850 2183 animos
882 2152 1182 2196 convertere,
1216 2151 1267 2186 ut
1295 2140 1403 2186 esset

120 2226 217 2257 non
237 2208 486 2255 incolarum
506 2208 646 2254 modo
666 2208 889 2256 alimentis
908 2208 1117 2273 frugifera.
1146 2209 1306 2269 insula,
1325 2210 1405 2258 sed·

118 2282 242 2329 urbis
271 2282 429 2327 Romae
448 2292 578 2343 atque
601 2281 732 2327 ltaliae
753 2281 829 2345 (id
846 2282 970 2344 quod
990 2281 1140 2328 multis
1159 2281 1275 2345 saepe
1289 2294 1401 2330 tem-

122 2353 359 2416 pestatibus
382 2352 575 2416 fecerat)
600 2369 827 2400 annonam
851 2353 1043 2410 levaret3
1058 2354 1113 2400 ab
1135 2355 1405 2418 Agathyrna

123 2426 400 2476 inconditam
431 2426 760 2478 multitudinem
792 2425 942 2477 secum
974 2427 1020 2474 in
1055 2428 1225 2475 Italiam
1256 2427 1404 2475 trans·⁴>

1050 2500 1145 2565 ΖΞ
