1628 2890
273 144 826 192 HISTORIARUM
872 147 994 193 LIB.
1040 147 1217 193 XXII.
1336 164 1390 209 17

103 252 349 299 maximum
374 250 611 314 imperium
641 251 686 297 in
722 251 904 300 civitate
925 251 1042 300 effet.
1073 251 1219 299 Menti
1251 252 1392 300 aedem

101 328 156 373 T.
185 324 408 372 Otacilius
435 337 602 386 praetor
622 324 771 373 vovit.

168 399 246 443 Xt.
268 399 329 443 Ita
348 397 479 444 rebus
505 397 672 445 divinis
694 395 878 459 peractis
893 432 908 453 ,
928 408 1020 443 tum
1041 397 1093 444 de
1114 397 1235 445 bello
1253 414 1391 462 reque

103 472 158 517 de
187 470 367 533 publica
391 471 580 517 dictator
600 470 752 518 retulit
767 506 782 527 ,
802 470 964 533 quibus
991 484 1166 534 quotve
1197 471 1392 536 legioni-

101 544 184 591 bus
212 545 376 591 νὶξὶοῑὶ
405 544 522 590 hosti
554 543 744 590 obviam
767 544 964 589 eundum
990 543 1073 589 efl'e
1103 545 1253 592 Patres
1281 561 1390 593 cen-

101 615 261 665 serent.
294 619 568 674 Decretum,
586 632 634 662 ut
660 619 713 662 ab
739 619 814 664 Cn.
845 621 1027 664 Servilio
1056 621 1219 679 consule
1236 625 1394 667 exerci-

99 710 188 739 tum
219 695 413 753 excerperet
428 692 652 751 :scriberet
673 708 864 752 praeterea
889 710 942 736 ex
976 693 1136 736 civibus
1154 693 1390 754 sbciifque,

100 780 302 826 quantum
332 764 511 823 equitum
541 780 590 807 ac
605 765 794 823 peditum
821 764 1057 808 videretur:
1088 780 1214 809 cetera
1245 767 1392 812 omnia

99 855 255 899 ageret·
279 853 504 896 acerctque,
533 852 580 882 ut
609 855 628 881 e
662 838 868 896 republica
895 839 1066 882 duceret.
1096 835 1254 884 Fabius
1283 838 1393 885 duas

100 910 142 956 se
173 910 373 972 legiones
405 908 676 969 adjeSturum
715 908 771 955 ad
802 908 1106 955 Servilianum
1140 912 1391 960 exercitum

100 985 227 1031 dixit.
260 985 357 1040 his,
380 1001 457 1046 per
487 983 742 1047 magistrum
775 983 983 1047 equitum
1015 983 1212 1048 scriptis,
1244 987 1391 1034 Tibur

97 1051 217 1104 'diem
246 1057 303 1103 ad
323 1056 694 1103 conveniendum
727 1056 883 1103 edixit.
911 1056 1150 1120 edistoque
1174 1059 1389 1122 proposi-

98 1140 150 1174 to
167 1163 181 1186 ,
203 1139 277 1184 ut,
301 1127 464 1190 quibus
490 1128 658 1190 oppida
684 1128 946 1191 castellaque
968 1128 1204 1177 immunita
1221 1132 1359 1178 effent
1374 1168 1389 1191 ‚

98 1200 164 1246 uti
201 1199 246 1244 in
283 1199 383 1246 loca
420 1212 512 1246 tuta
552 1201 932 1264 co1nmigrarent3
965 1218 1022 1247 ex
1054 1202 1169 1264 agris
1202 1219 1391 1267 quoque

98 1272 397 1335 demigrarent
425 1288 582 1318 omnes
614 1273 809 1336 regionis
831 1272 925 1335 ejus
941 1309 955 1332 ,
980 1291 1067 1337 qua
1089 1275 1232 1323 iturus
1259 1277 1390 1323 Han-

97 1346 220 1392 nibal
250 1345 354 1391 esset
370 1381 384 1403 ,
418 1345 541 1391 teffis
572 1347 695 1408 prius
716 1346 904 1392 incensis
930 1363 980 1394 ac
1000 1346 1200 1411 frugibus
1222 1365 1389 1397 corru-

95 1419 210 1482 ptis,
248 1436 304 1465 ne
338 1418 464 1480 cujus
497 1420 561 1465 rei
591 1420 725 1481 copia
755 1419 884 1476 effet3
917 1420 1035 1482 ipse,
1067 1422 1141 1469 via
1176 1423 1389 1472 Flaminia

94 1492 323 1555 profeRUS
364 1492 549 1538 obviam
594 1492 768 1539 consuli
806 1494 1149 1559 exercituique,
1187 1513 1291 1544 cum
1331 1499 1389 1546 ad

94 1565 294 1613 Tiberim
317 1565 436 1612 circa
457 1565 724 1612 Ocriculum
743 1565 1035 1628 prospexisset
1059 1584 1217 1631 agmen
1232 1605 1246 1628 ,
1271 1586 1389 1616 con-

94 1638 323 1702 sulemque
351 1655 456 1686 cum
477 1639 700 1701 equitibus
718 1639 774 1685 ad
804 1638 845 1684 se
873 1641 1174 1702 prodeuntem
1191 1678 1205 1697 ‚
1235 1643 1389 1690 viato-

94 1729 188 1758 rem
207 1713 350 1771 miffl,
384 1713 464 1774 qui
486 1711 663 1759 consuli
693 1713 944 1772 nuntiaret,
964 1727 1013 1759 ut
1036 1715 1127 1761 fine
1154 1715 1390 1765 lictoribus

95 1786 150 1831 ad
182 1785 444 1832 diffitatorem
482 1786 672 1833 veniret.
713 1786 811 1846 Qui
847 1804 950 1833 cum
984 1787 1105 1834 diuo
1145 1789 1388 1853 paruisset,

97 1859 442 1922 congressusque
475 1876 635 1906 eorum
671 1860 901 1924 ingentem
930 1860 1122 1924 speciem
1158 1863 1387 1909 diuamrae

97 1932 215 1993 apud
240 1933 364 1979 cives
394 1932 651 1996 sociosque,
674 1933 896 1980 vetustate
921 1933 1011 1998 jam
1040 1951 1187 1998 prope
1212 1937 1386 1983 oblitos

94 2003 190 2066 ejus
219 2004 426 2067 imperii,
455 2004 650 2062 feciffet;
686 2007 839 2053 literae
867 2007 923 2053 ab
946 2008 1056 2054 urbe
1082 2008 1226 2055 allatae
1254 2008 1386 2067 sunt,

95 2093 234 2123 naves
270 2078 522 2137 onerarias,
557 2092 858 2127 commeatum
890 2081 945 2126 ab
979 2081 1108 2127 Ostia
1140 2081 1186 2127 in
1220 2082 1385 2146 Hispa-

94 2151 214 2199 niam
232 2151 287 2197 ad
306 2152 552 2199 exercitum
573 2166 805 2216 portantes
820 2189 834 2212 ,
865 2171 888 2200 a
910 2156 1038 2201 class'e
1073 2156 1242 2202 Punica
1265 2158 1386 2205 circa

91 2238 274 2287 portum
297 2225 525 2272 Cosanum
545 2240 694 2289 captas
714 2227 812 2273 effe.
847 2230 998 2291 Itaque
1018 2228 1248 2290 extemplo
1267 2247 1385 2279 con-

91 2295 154 2342 sul
192 2296 366 2344 Ostiam
396 2297 626 2361 proficisci
658 2298 820 2361 jussus,
856 2299 1166 2364 navibusque,
1193 2318 1294 2364 quae
1326 2303 1384 2350 ad

91 2369 246 2416 urbem
267 2370 521 2419 Romanam
541 2388 615 2421 aut
633 2373 774 2420 Ostiae
796 2375 960 2433 essent,
979 2365 1218 2438 completis
1237 2375 1383 2424 milite

92 2460 142 2490 ac
168 2443 403 2491 navalibus
439 2446 601 2506 sociis,
622 2447 828 2513 persequi
859 2449 1056 2498 hostium
1089 2450 1296 2509 class'em,
1329 2467 1381 2500 ac

158 2519 208 2563 T.
233 2519 322 2565 Liv.
359 2521 455 2564 Vol.
488 2522 572 2566 IV.
1091 2525 1123 2570 B
