1628 2890
240 164 330 210 302
597 144 1163 191 TITILIVII

303 255 360 300 V.
381 253 498 298 Cum
525 249 571 297 in
590 249 680 297 hoc
701 249 815 296 statu
832 249 886 295 acl
906 250 1111 312 Capuam
1132 267 1200 298 res
1222 249 1382 308 effem,
1406 251 1526 298 Han-

236 324 432 372 nibalem
468 322 695 373 diversum
724 322 985 370 Tarentinae
1023 323 1138 370 arcis
1170 323 1404 386 potiundae
1437 325 1527 370 Ca-

233 415 426 462 puaeque
446 397 690 445 retinendae
722 398 956 445 trahebant
977 413 1110 444 curae.
1139 397 1250 446 vicit
1282 410 1430 444 tamen
1453 416 1525 446 re-

186 519 196 526 .
237 472 417 535 spectus
448 471 650 533 Capuae,
689 470 735 516 in
771 487 905 534 quam
936 470 1144 533 omnium
1174 470 1413 521 sociorum,
1438 473 1528 518 ho-

189 543 195 557 '
233 545 458 609 stiumque
494 543 743 592 conversos
783 544 964 591 videbat
1003 545 1206 600 animos;
1244 545 1527 593 documento

235 617 430 673 futurae,
465 617 828 680 qualemcunque
862 628 1079 663 eventum
1110 615 1306 663 defectio
1340 618 1398 663 ab
1428 619 1527 664 Ro-

232 689 376 739 manis
408 690 641 737 habuisset.
676 690 848 753 Igitur,
877 707 1038 753 magna
1069 701 1195 752 parte
1228 690 1524 752 impenimen·

231 779 386 813 torum
417 766 566 814 relicta
593 765 640 812 in
666 765 849 812 Bruttiis
867 801 881 824 ,
912 767 960 812 &
988 764 1116 811 omni
1147 765 1360 827 graviore
1379 782 1524 812 arma-

231 852 282 886 tu
298 876 311 897 ‚
335 856 437 886 cum
468 838 645 885 deleffls
672 838 870 901 peditum
896 837 1216 901 equitumque,
1244 854 1378 900 quam
1398 849 1525 901 pote-

229 924 300 960 rat
325 912 552 976 aptiffimis
578 913 634 959 ad
665 913 982 959 muturandum
1011 912 1123 969 iter,
1152 912 1199 958 in
1230 912 1523 974 Campaniam

231 987 484 1034 contendit.
509 985 660 1033 'secuti
698 998 848 1033 tamen
889 998 979 1032 tam
1014 985 1177 1047 raptim
1215 1000 1396 1031 euntem
1433 998 1522 1031 tres

229 1062 281 1108 δέ
310 1060 489 1124 triginta
524 1059 760 1122 elephanti.
798 1061 847 1104 In
881 1057 1000 1104 valle
1031 1057 1211 1105 occulta
1242 1058 1344 1120 post
1373 1057 1522 1105 Tifata

229 1145 434 1180 montem
469 1131 776 1178 imminentem
797 1131 967 1193 Capuae
998 1129 1216 1176 consedit.
1258 1130 1523 1178 Adveniens

230 1224 335 1254 cum
369 1204 595 1253 castellum
631 1203 885 1261 Galatiam,
923 1201 1130 1265 praesxdio
1163 1202 1211 1248 vi
1243 1201 1406 1264 pulso,
1445 1221 1520 1251 ce-

228 1281 386 1344 puscet,
417 1280 464 1326 in
494 1278 868 1327 circumsedentes
900 1278 1102 1340 Capuam
1131 1274 1173 1322 se
1208 1276 1359 1324 vertit.
1401 1295 1520 1341 prae·

230 1353 365 1400 millis
401 1363 502 1399 ante
534 1350 701 1398 nuntiis
734 1351 935 1412 Capuam
955 1385 968 1408 ,
1009 1365 1103 1413 quo
1143 1361 1350 1413 tempore
1382 1352 1519 1400 castra

229 1425 437 1470 Romana
457 1421 730 1486 aggreffurus
753 1421 882 1478 effer,
903 1431 953 1466 ut
982 1420 1144 1479 eodem
1166 1423 1216 1469 &
1234 1421 1319 1480 illi,
1342 1422 1398 1468 ad
1419 1440 1518 1470 eru-
1550 1454 1561 1459 *-

228 1497 434 1560 ptionem
465 1495 632 1560 parati,
669 1494 814 1559 portis
841 1494 1056 1541 omnibus
1092 1494 1176 1542 sese
1211 1495 1517 1555 effunderent,

226 1571 457 1635 ingentem
494 1569 690 1633 praebuit
727 1580 961 1614 terrorem.
1006 1584 1111 1614 nam
1149 1568 1232 1615 alia
1267 1582 1391 1632 parte
1427 1569 1519 1632 ipse

228 1645 414 1691 adortus
448 1643 533 1698 est3
570 1643 653 1690 alia
680 1641 899 1704 Campani
922 1656 1106 1698 omnes,
1128 1642 1296 1703 pedites
1322 1641 1518 1705 equites—

227 1733 313 1779 que
335 1751 348 1773 ,
382 1716 431 1762 ὅτ,
460 1732 562 1762 cum
593 1713 645 1760 iis
678 1713 900 1759 Punicum
940 1712 1223 1775 praesidium,
1258 1713 1329 1760 cui
1360 1714 1519 1760 Bostar

228 1790 277 1836 &
297 1789 464 1838 Hanno
486 1799 728 1850 praeerant,
762 1785 922 1848 erupit.
952 1786 1180 1845 Romani,
1210 1797 1263 1833 ut
1291 1786 1339 1833 in
1359 1804 1409 1834 re
1431 1800 1516 1834 tre-

226 1862 357 1925 pida,
384 1878 440 1908 ne
466 1861 520 1907 ad
540 1878 674 1907 unam
705 1860 1022 1908 concurrendo
1051 1872 1223 1922 partem·
1247 1859 1415 1924 aliquid
1442 1861 1515 1907 in-

228 1933 393 1981 defensi
417 1933 749 1996 relinquerent,
775 1933 835 1978 ita
855 1931 970 1978 inter
989 1930 1030 1978 se
1056 1932 1208 1995 copias
1227 1932 1377 1995 partiti
1398 1932 1514 1982 sunt.

228 2008 311 2070 Ap.
330 2006 546 2053 Claudius
570 2005 839 2068 Campanis,
867 2003 1050 2050 Fulvius
1071 2004 1313 2050 Hannibali
1343 2004 1404 2050 est
1425 2021 1514 2068 op-

227 2079 411 2142 positus.
450 2080 505 2126 C.
535 2080 662 2125 Nero
696 2090 954 2141 propraetor
988 2093 1090 2123 cum
1123 2077 1347 2141 equitibus
1381 2077 1514 2124 sextae

228 2152 418 2216 legionis
443 2153 546 2210 via,
568 2170 669 2216 quae
686 2151 932 2209 Suessulam
956 2149 1069 2205 ferm
1102 2151 1155 2195 C.
1179 2150 1364 2196 Fulvius
1384 2150 1513 2201 Flac-

228 2241 306 2271 cus
327 2225 496 2288 legatus
527 2243 628 2272 cum
655 2224 806 2271 sociali
838 2223 1041 2287 equitatu
1063 2222 1260 2269 constitit
1283 2239 1305 2268 e
1326 2222 1512 2284 regione
1567 2234 1570 2236 ’

227 2296 441 2342 Vulturni
472 2297 627 2343 amnis.
660 2296 877 2342 Proelium
900 2311 994 2361 nop
1018 2293 1153 2339 solito
1174 2293 1316 2339 modo
1338 2293 1511 2340 clamo-

225 2386 272 2416 re
301 2385 351 2415 ac
373 2369 566 2415 tumultu
584 2369 898 2430 eil-coeptum,
924 2366 997 2412 sed
1012 2401 1025 2423 ,
1044 2366 1098 2411 acl
1119 2366 1254 2412 alium
1273 2366 1507 2425 Virorum,

224 2459 446 2507 equorum
461 2478 473 2502 ,
507 2457 826 2505 armorumque
849 2440 1007 2487 sonum
1028 2475 1040 2497 ,
1062 2439 1269 2501 dispofita
1300 2439 1346 2486 in
1367 2441 1508 2487 muris
