1628 2890
241 156 1236 208 Hrs‘roaiARUMmss.xxiii.
1311 171 1392 219 103
1449 144 1452 145 ’

115 267 497 335 praetermiffurus.
529 268 739 323 Senatus,
759 283 808 313 ac
831 264 1023 311 maxime
1043 263 1260 327 primores
1282 262 1400 325 ejusj

115 345 161 390 in
193 343 402 389 societate
434 341 641 386 Romana
667 357 766 386 cum
793 338 878 385 fide
902 338 1117 401 perstare3
1148 338 1276 400 plebs
1304 355 1396 384 no-

115 431 275 462 varum
295 450 309 473 ‚
326 428 375 460 ut
396 412 539 470 solet,
559 429 710 459 rerum
730 424 862 476 atque
882 411 1151 458 Hannibalis
1169 423 1265 457 tota
1285 410 1398 468 effe;

115 499 373 550 metumque
406 502 623 549 agrorum
651 483 992 547 populationis,
1028 485 1076 530 &
1105 483 1313 546 patienda
1347 484 1398 531 in

117 560 353 607 obfidione
374 560 514 606 multa
534 558 685 622 gravia
715 557 991 620 indignaque
1018 573 1276 620 proponere
1304 557 1399 603 ani-

55 644 58 645 ’
116 650 210 681 mo,
239 650 384 697 neque
413 634 614 680 auctores
643 630 904 678 defeffionis
929 631 1123 677 deerant.
1152 629 1401 695 ltaqueubi

118 707 318 754 senatum
343 705 664 768 metus'cepit,
699 704 730 749 fi
761 703 995 766 propalam
1026 703 1288 761 tenderent,
1326 720 1400 749 re·-

119 778 205 824 srsti
238 777 512 824 multitudini
544 775 782 824 concitatae
808 791 903 821 non
935 774 1086 837 poss'e3
1122 774 1235 821 clam
1265 775 1404 821 simu-¹

118 850 256 896 lando
280 849 542 896 dilationem
569 848 673 894 mali
696 846 952 895 inveniunt.
986 847 1160 908 placere
1181 847 1299 892 enim
1319 845 1401 894 fibi

120 921 417 968 (lcfeclionem
451 921 506 968 ad
535 919 832 968 Hannibalem
865 919 1098 966 fimulant:
1133 920 1295 982 quibus
1325 937 1404 967 au.-

119 1005 209 1039 tem
240 993 581 1040 conditionibus
608 993 654 1038 in
688 992 837 1039 foedus
865 991 1199 1054 amicitiamque
1230 1008 1403 1039 novam

119 1065 342 1113 transeant
357 1079 377 1125 ,’
394 1083 550 1129 parum
583 1064 803 1112 constare.
836 1067 898 1110 lta
924 1063 1066 1126 spatio
1091 1063 1264 1122 sumto,
1284 1063 1406 1128 lega·-

120 1156 195 1187 τος
233 1157 427 1203 propere
466 1140 521 1186 ad
565 1151 805 1208 praetorem
840 1139 1096 1184 Romanum
1138 1137 1405 1184 Marcellum

121 1214 362 1262 Claudium
378 1251 390 1271 ‚
412 1214 489 1277 qui
505 1213 685 1260 Casilini
705 1229 809 1260 cum
834 1211 1032 1258 exercitu
1054 1222 1174 1268 erat,
1194 1210 1407 1264 mittunt,

122 1288 379 1350 docentque
397 1323 409 1345 ,
445 1300 615 1350 quanto
651 1285 697 1330 in
733 1283 985 1331 discrimine
1015 1282 1067 1328 fit
1096 1281 1277 1329 Nolana
1306 1299 1374 1329 res
1393 1300 1408 1329 τ

124 1375 278 1422 agrum
300 1357 558 1403 Hannibalis
578 1356 663 1402 effe
683 1357 733 1403 &
758 1358 1003 1402 Poenorum
1017 1390 1030 1413 ‚
1057 1353 1214 1400 'urbem
1235 1366 1406 1401 extem-

124 1434 203 1496 plo
241 1432 465 1489 futuram,
507 1431 554 1476 ni
584 1430 886 1477 subveniatur.
929 1429 1222 1476 concedendo
1255 1429 1405 1492 plebei

123 1504 343 1564 senatum,
363 1503 439 1550 ubi
461 1503 629 1560 velint,
650 1502 900 1562 defeciuros
919 1502 984 1560 se,
1005 1519 1060 1549 ne
1080 1500 1267 1548 deficere
1286 1519 1403 1564 prae-

124 1575 415 1635 festinarent,
441 1576 643 1623 effecisse.
675 1575 914 1622 Marcellus
930 1611 943 1633 ‚
966 1574 1228 1622 collaudatis
1258 1574 1408 1622 Nola-

124 1649 222 1708 nis,
255 1650 408 1696 eadem
446 1649 729 1696 fimulatione
759 1649 931 1696 extrahi
959 1665 1053 1695 rem
1083 1649 1129 1701 in
1166 1648 1292 1696 suum
1330 1649 1410 1695 ad-

115 1735 315 1770 ventum
340 1723 489 1786 juffit:
526 1723 705 1771 interim
728 1723 859 1770 celari
881 1761 894 1780 ,
930 1741 1030 1787 quae
1052 1722 1197 1770 secum
1225 1724 1318 1771 adia
1345 1722 1409 1770 es-

125 1796 247 1855 sent,
275 1797 487 1860 spemque
516 1799 699 1844 omn'em
729 1797 885 1845 auxilii
908 1796 1121 1861 Romani.
1151 1796 1245 1860 lpse
1276 1815 1300 1844 a
1322 1799 1410 1844 Ca-

126 1871 258 1918 filino
287 1871 505 1919 Calatiam
534 1871 669 1935 petit:
706 1885 837 1936 atque
868 1872 998 1931 inde,
1022 1871 1253 1919 Vulturno
1287 1872 1409 1920 amni

126 1943 339 2005 trajecio,
364 1961 532 2008 perque
561 1960 717 2009 agrum
746 1943 1053 1991 Saticulanum
1075 1943 1412 1990 Trebulanum-

128 2033 218 2080 que
241 2016 367 2079 super
386 2017 624 2064 Sueffulam
655 2035 732 2081 per
760 2030 939 2065 montes
962 2016 1131 2064 Nolam
1153 2016 1376 2079 pervenit⁰

211 2091 316 2137 XV.
358 2090 448 2136 Sub
479 2090 723 2150 adventum
760 2091 965 2153 praetoris
1002 2089 1199 2136 Romani
1242 2092 1413 2137 Poenus

129 2178 238 2225 agro
271 2163 456 2212 Nolano
490 2163 704 2224 excefiit,
739 2166 789 2212 &
820 2165 875 2210 ad
900 2179 1020 2210 mare
1050 2162 1258 2226 proxime
1289 2164 1413 2210 Nea-

129 2233 274 2296 polim
307 2235 561 2295 descendit‚
582 2238 770 2298 cupidus
798 2235 1010 2283 maritimi
1039 2235 1195 2298 oppidi
1229 2237 1416 2299 potum·-⁸

131 2304 206 2362 di,
236 2320 329 2368 quo
352 2305 506 2372 *cursus
538 2307 724 2367 navibus
754 2319 874 2354 tutus
901 2323 958 2353 ex
986 2304 1139 2354 Africa
1168 2307 1283 2353 ess'et.
1322 2309 1414 2355 Ce-

131 2389 276 2424 terum
296 2413 310 2436 ,
332 2378 565 2442 postquam
585 2379 825 2443 Neapolim
847 2397 869 2426 a
889 2377 1101 2442 pracfecio
1123 2380 1331 2426 Romano
1349 2392 1416 2426 te-

132 2452 229 2500 neri
247 2453 446 2517 accepit,
469 2454 563 2517 (M.
579 2454 734 2503 Junius
751 2453 924 2501 Silanus
944 2465 1037 2500 erat
1052 2488 1065 2511 ,
1096 2452 1151 2498 ab
1172 2451 1272 2515 ipsis
1293 2454 1335 2498 N
1340 2468 1417 2503 eat

1054 2528 1097 2572 G
1131 2544 1163 2585 4
