1628 2890
304 118 852 166 HISTORIARUM
889 121 1023 167 LIB.
1059 120 1236 168 XXV.
1335 138 1429 185 279

140 224 364 273 exercitus
395 226 714 272 Romanorum
740 226 1061 291 sociorumque
1093 226 1304 276 adversus
1325 229 1431 276 Ma*

140 312 307 358 gonem
329 297 512 343 duceret
537 310 670 361 atque
693 297 1044 356 Hasdrubalem3
1075 300 1162 345 Cn.
1184 300 1430 350 Cornelius

139 388 248 418 cum
280 372 409 419 tertia
444 385 567 436 parte
601 373 767 420 veteris
798 372 1022 422 exercitus
1040 410 1054 433 ‚
1077 373 1315 422 Celtiberis
1346 374 1428 423 ad-

73 465 78 472 ·
138 443 331 505 fimetis,¹
363 464 466 494 cum
501 445 777 494 Hasdrubale
808 446 1003 494 Barcino
1038 447 1205 495 bellum
1240 460 1427 512 gereret.

139 520 243 564 Una
271 518 462 581 profeffi
494 519 629 566 ambo
659 518 794 566 duces
821 518 1155 582 exercitusque,
1185 519 1426 568 Celtiberis

133 592 559 654 praegredientibus,
585 592 641 638 ad
668 592 825 638 urbem
847 592 1092 657 Auitorgin
1117 592 1164 639 in
1186 593 1451 656 conspeetu·

136 664 365 724 hostium,
403 665 639 713 dirimente
672 664 818 723 amni,
848 678 1032 728 ponunt
1059 665 1209 713 castra.
1243 667 1306 713 Ibi
1340 669 1428 714 Cn.

136 736 325 800 Scipio,
355 755 459 785 cum
488 738 650 803 quibus
684 751 786 786 ante
825 740 993 788 dietum
1025 740 1087 787 est
1113 741 1285 803 copiis,
1321 741 1427 787 sul)-

134 811 275 872 stitit,
310 814 360 860 &
397 815 444 862 P.
479 813 632 877 Scipio
666 813 895 878 profeE‘tus
927 813 984 862 ad
1021 813 1282 861 destinatam
1320 815 1428 862 belli

134 900 322 948 partem.

214 958 464 1007 XXXIII.
500 957 747 1006 Hasdrubal
785 957 1025 1023 postquam
1066 956 1424 1019 animadvertit,

133 1031 348 1095 exiguum
370 1032 632 1079 Romanum
651 1032 899 1080 exercitum
928 1032 976 1079 in
1009 1032 1183 1091 castris,
1214 1035 1265 1080 &
1300 1033 1424 1096 spem

132 1105 382 1151 omnemssin
399 1105 735 1153 Celtiberorum
757 1106 936 1154 auxiliis
952 1106 1061 1163 effe3
1083 1107 1253 1169 peritus
1272 1107 1424 1153 omnis

128 1177 403 1237 barbaricae,
438 1180 488 1226 &
513 1178 741 1241 praecipue
770 1179 977 1226 omnium
1009 1195 1161 1225 earum
1192 1178 1423 1242 gentium,

129 1250 178 1296 in
208 1251 370 1313 quibus
398 1268 478 1313 per
502 1262 574 1297 tot
597 1267 742 1298 annos
765 1251 983 1299 militabat
1000 1286 1014 1310 ,
1045 1249 1242 1314 perfidiae
1261 1286 1277 1309 ,
1297 1249 1422 1299 facili

129 1323 296 1388 linguae
327 1325 609 1373 commercio
626 1361 639 1384 ‚
667 1343 770 1373 cum
803 1338 994 1389 utraque
1018 1324 1158 1373 cas-‘tra
1188 1325 1320 1388 plena
1339 1325 1421 1371 Hi-

129 1397 371 1460 spanorum
400 1397 565 1457 effent‚
594 1415 676 1461 per
703 1398 885 1446 occulta
915 1397 1150 1462 colloquia
1179 1396 1419 1461 paciscitur

128 1488 288 1535 magna
312 1473 518 1519 mercede
545 1490 649 1520 cum
670 1473 1005 1520 Celtiberorum
1032 1472 1338 1536 principibus,
1368 1484 1419 1519 ut

127 1544 279 1606 copias
320 1543 424 1591 inde
457 1546 694 1594 abducant.
736 1547 834 1593 Nec
872 1557 1007 1592 atrox
1046 1544 1193 1594 visum
1231 1546 1421 1594 facinus.

127 1633 224 1663 non
259 1616 408 1676 enim,
444 1629 494 1664 ut
524 1618 572 1665 in
607 1619 840 1666 Romanos
875 1629 1107 1665 verterent
1132 1636 1285 1678 arma,
1318 1636 1417 1682 age-

125 1690 256 1737 batur
274 1710 284 1738 :
306 1693 355 1739 &
373 1709 539 1739 merces
559 1729 572 1751 ,
592 1705 762 1757 quanta
782 1692 858 1740 vel
888 1709 974 1755 pro
996 1692 1118 1739 bello
1148 1692 1248 1740 satis
1277 1693 1382 1740 effet
1400 1729 1421 1752 ,.

125 1763 346 1820 dabatur,
383 1782 439 1811 ne
470 1766 637 1813 bellum
666 1778 896 1830 gererent:
925 1768 975 1815 &
1004 1784 1106 1814 cum
1136 1766 1262 1830 quies
1292 1766 1414 1831 ipsa,

74 1895 80 1904 l
124 1846 219 1882 tum
248 1836 418 1883 reditus
455 1839 646 1886 domum
672 1837 925 1901 fruetusque
959 1837 1143 1885 videndi
1178 1837 1281 1884 suos
1314 1837 1414 1884 sua-

123 1924 241 1971 que,
272 1920 395 1972 grata
425 1910 564 1973 vulgo
585 1923 724 1958 erant.
763 1913 916 1973 Itaque
953 1927 1050 1958 non
1086 1909 1276 1957 ducibus
1303 1908 1413 1957 faci-

123 1980 211 2026 lius
230 2016 244 2039 ,
276 1997 409 2043 quam
441 1983 752 2041 multitudini,
782 1982 1034 2046 persuasum
1066 1983 1156 2030 est:
1193 1981 1321 2030 fimul
1355 1999 1414 2029 ne

123 2064 270 2099 metus
302 2053 482 2115 quidem
515 2055 571 2101 ab
596 2056 814 2102 Romanis
847 2066 965 2114 erat,
992 2054 1161 2118 quippe
1180 2067 1270 2102 tam
1302 2073 1417 2118 pau-

124 2125 189 2172 cis
207 2161 221 2183 ,
252 2126 282 2172 fi
315 2125 364 2171 vi
397 2127 656 2175 retinerent.
684 2129 730 2176 Id
753 2128 934 2192 quidem
960 2129 1213 2177 cavendum
1241 2127 1414 2192 semper

100 2195 342 2242 ,Romanis
369 2196 556 2245 ducibus
583 2199 667 2245 erit
684 2233 698 2258 ‚
726 2199 1020 2263 exemplaque
1056 2199 1152 2248 haec
1188 2215 1296 2247 vere
1322 2217 1409 2263 pro

121 2270 405 2317 documentis
438 2272 642 2320 habenda
660 2310 674 2332 ‚
706 2291 760 2321 ne
779 2275 837 2321 ita
858 2273 1054 2321 externis
1079 2275 1263 2321 credant
1282 2271 1406 2320 auxi-

120 2343 218 2402 liis,
249 2357 299 2392 ut
332 2361 427 2394 non
459 2346 559 2409 plus
594 2347 658 2394 sui
694 2349 874 2396 roboris
911 2348 1179 2413 suarumque
1222 2348 1408 2412 proprie

119 2416 287 2465 virium
319 2420 364 2466 in
398 2420 547 2468 castris
574 2421 780 2470 habeant.
812 2423 956 2487 Signis
990 2434 1175 2486 repente
1199 2421 1408 2477 sublatis,

1039 2497 1154 2554 ⁴84
