<?xml version="1.0" encoding="UTF-8"?>
<!DOCTYPE html PUBLIC "-//W3C//DTD XHTML 1.0 Transitional//EN"
    "http://www.w3.org/TR/xhtml1/DTD/xhtml1-transitional.dtd">
<html xmlns="http://www.w3.org/1999/xhtml" xml:lang="en" lang="en">
 <head>
  <title>
</title>
<meta http-equiv="Content-Type" content="text/html;charset=utf-8" />
  <meta name='ocr-system' content='tesseract 3.04.00' />
  <meta name='ocr-capabilities' content='ocr_page ocr_carea ocr_par ocr_line ocrx_word'/>
</head>
<body>
  <div class='ocr_page' id='page_1' title='image "./historiarumlibri04livyuoft_0387.png"; bbox 0 0 1628 2890; ppageno 0'>
   <div class='ocr_carea' id='block_1_1' title="bbox 216 133 1402 200">
    <p class='ocr_par' dir='ltr' id='par_1_1' title="bbox 216 133 1402 200">
     <span class='ocr_line' id='line_1_1' title="bbox 216 133 1402 200; baseline 0.003 -21"><span class='ocrx_word' id='word_1_1' title='bbox 216 134 339 179; x_wconf 87' lang='lat' dir='ltr'>TlTl</span> <span class='ocrx_word' id='word_1_2' title='bbox 374 134 510 179; x_wconf 82' lang='lat' dir='ltr'>LIVH</span> <span class='ocrx_word' id='word_1_3' title='bbox 540 133 885 183; x_wconf 70' lang='lat' dir='ltr'>HISTORIAR.</span> <span class='ocrx_word' id='word_1_4' title='bbox 916 137 1018 182; x_wconf 87' lang='lat' dir='ltr'><strong>LIB.</strong></span> <span class='ocrx_word' id='word_1_5' title='bbox 1047 137 1239 190; x_wconf 82' lang='lat' dir='ltr'>XXVII.</span> <span class='ocrx_word' id='word_1_6' title='bbox 1311 152 1402 200; x_wconf 86' lang='lat'>377</span> 
     </span>
    </p>
   </div>
   <div class='ocr_carea' id='block_1_2' title="bbox 176 237 1409 540">
    <p class='ocr_par' dir='ltr' id='par_1_2' title="bbox 176 237 1409 540">
     <span class='ocr_line' id='line_1_2' title="bbox 178 237 1408 289; baseline 0.002 -11"><span class='ocrx_word' id='word_1_7' title='bbox 178 239 287 279; x_wconf 80' lang='lat' dir='ltr'>liffet.</span> <span class='ocrx_word' id='word_1_8' title='bbox 320 237 556 286; x_wconf 80' lang='lat' dir='ltr'>Hasdrubal,</span> <span class='ocrx_word' id='word_1_9' title='bbox 583 239 647 289; x_wconf 82' lang='lat' dir='ltr'>qui</span> <span class='ocrx_word' id='word_1_10' title='bbox 677 250 765 277; x_wconf 86' lang='lat' dir='ltr'>curn</span> <span class='ocrx_word' id='word_1_11' title='bbox 793 240 961 279; x_wconf 79' lang='lat' dir='ltr'>exercitu</span> <span class='ocrx_word' id='word_1_12' title='bbox 991 252 1092 279; x_wconf 89' lang='lat' dir='ltr'>novo</span> <span class='ocrx_word' id='word_1_13' title='bbox 1123 239 1408 280; x_wconf 86' lang='lat' dir='ltr'>transcenderat.</span> 
     </span>
     <span class='ocr_line' id='line_1_3' title="bbox 177 300 1409 352; baseline 0 -10"><span class='ocrx_word' id='word_1_14' title='bbox 177 301 312 352; x_wconf 80' lang='lat' dir='ltr'><strong>Alpes,</strong></span> <span class='ocrx_word' id='word_1_15' title='bbox 329 310 370 340; x_wconf 90' lang='lat' dir='ltr'>ut</span> <span class='ocrx_word' id='word_1_16' title='bbox 385 300 421 340; x_wconf 82' lang='lat' dir='ltr'>se</span> <span class='ocrx_word' id='word_1_17' title='bbox 438 300 646 341; x_wconf 80' lang='lat' dir='ltr'>Hannibali</span> <span class='ocrx_word' id='word_1_18' title='bbox 674 303 947 352; x_wconf 82' lang='lat' dir='ltr'>conjungeret,</span> <span class='ocrx_word' id='word_1_19' title='bbox 974 315 1063 341; x_wconf 89' lang='lat' dir='ltr'>cum</span> <span class='ocrx_word' id='word_1_20' title='bbox 1089 302 1260 342; x_wconf 87' lang='lat' dir='ltr'>millibus</span> <span class='ocrx_word' id='word_1_21' title='bbox 1281 301 1409 343; x_wconf 88' lang='lat' dir='ltr'>homi·</span> 
     </span>
     <span class='ocr_line' id='line_1_4' title="bbox 182 362 1408 416; baseline 0.002 -14"><span class='ocrx_word' id='word_1_22' title='bbox 182 377 276 402; x_wconf 84' lang='lat' dir='ltr'>num</span> <span class='ocrx_word' id='word_1_23' title='bbox 298 364 572 414; x_wconf 76' lang='lat' dir='ltr'>quinquaginta</span> <span class='ocrx_word' id='word_1_24' title='bbox 591 363 653 404; x_wconf 81' lang='lat' dir='ltr'>sex</span> <span class='ocrx_word' id='word_1_25' title='bbox 671 363 784 404; x_wconf 82' lang='lat' dir='ltr'>caesus</span> <span class='ocrx_word' id='word_1_26' title='bbox 806 364 877 412; x_wconf 86' lang='lat' dir='ltr'>est,</span> <span class='ocrx_word' id='word_1_27' title='bbox 898 364 951 403; x_wconf 75' lang='lat' dir='ltr'>M.</span> <span class='ocrx_word' id='word_1_28' title='bbox 969 363 1063 405; x_wconf 89' lang='lat' dir='ltr'>Livii</span> <span class='ocrx_word' id='word_1_29' title='bbox 1079 362 1247 403; x_wconf 86' lang='lat' dir='ltr'>consulis</span> <span class='ocrx_word' id='word_1_30' title='bbox 1267 364 1408 416; x_wconf 73' lang='lat' dir='ltr'>ductu,</span> 
     </span>
     <span class='ocr_line' id='line_1_5' title="bbox 177 424 1409 477; baseline 0.002 -13"><span class='ocrx_word' id='word_1_31' title='bbox 177 424 242 464; x_wconf 86' lang='lat' dir='ltr'>sed</span> <span class='ocrx_word' id='word_1_32' title='bbox 262 439 339 463; x_wconf 86' lang='lat' dir='ltr'>non</span> <span class='ocrx_word' id='word_1_33' title='bbox 355 426 499 464; x_wconf 69' lang='lat' dir='ltr'>minore</span> <span class='ocrx_word' id='word_1_34' title='bbox 516 438 629 476; x_wconf 80' lang='lat' dir='ltr'>opera</span> <span class='ocrx_word' id='word_1_35' title='bbox 649 425 797 465; x_wconf 77' lang='lat' dir='ltr'>Claudii</span> <span class='ocrx_word' id='word_1_36' title='bbox 821 426 982 465; x_wconf 89' lang='lat' dir='ltr'>Neronis</span> <span class='ocrx_word' id='word_1_37' title='bbox 1004 425 1183 465; x_wconf 74' lang='lat' dir='ltr'>consulis,</span> <span class='ocrx_word' id='word_1_38' title='bbox 1214 426 1301 477; x_wconf 88' lang='lat' dir='ltr'>qui,</span> <span class='ocrx_word' id='word_1_39' title='bbox 1317 439 1409 468; x_wconf 85' lang='lat' dir='ltr'>cum</span> 
     </span>
     <span class='ocr_line' id='line_1_6' title="bbox 176 487 1409 540; baseline 0.002 -15"><span class='ocrx_word' id='word_1_40' title='bbox 176 487 387 527; x_wconf 75' lang='lat' dir='ltr'>Hannibali</span> <span class='ocrx_word' id='word_1_41' title='bbox 408 488 602 540; x_wconf 79' lang='lat' dir='ltr'>oppositus</span> <span class='ocrx_word' id='word_1_42' title='bbox 626 487 740 535; x_wconf 80' lang='lat' dir='ltr'>effct,</span> <span class='ocrx_word' id='word_1_43' title='bbox 770 487 909 526; x_wconf 71' lang='lat' dir='ltr'>relictis</span> <span class='ocrx_word' id='word_1_44' title='bbox 937 488 1064 527; x_wconf 86' lang='lat' dir='ltr'>castris</span> <span class='ocrx_word' id='word_1_45' title='bbox 1079 519 1091 534; x_wconf 92' lang='lat'><em>‚</em></span> <span class='ocrx_word' id='word_1_46' title='bbox 1116 488 1168 527; x_wconf 85' lang='lat' dir='ltr'>ita</span> <span class='ocrx_word' id='word_1_47' title='bbox 1192 496 1234 527; x_wconf 89' lang='lat' dir='ltr'>ut</span> <span class='ocrx_word' id='word_1_48' title='bbox 1258 488 1409 529; x_wconf 87' lang='lat' dir='ltr'>hostem</span> 
     </span>
    </p>
   </div>
   <div class='ocr_carea' id='block_1_3' title="bbox 176 549 1410 656">
    <p class='ocr_par' dir='ltr' id='par_1_3' title="bbox 176 549 1410 656">
     <span class='ocr_line' id='line_1_7' title="bbox 176 549 1410 603; baseline 0.005 -15"><span class='ocrx_word' id='word_1_49' title='bbox 176 549 346 599; x_wconf 79' lang='lat' dir='ltr'>falleret,</span> <span class='ocrx_word' id='word_1_50' title='bbox 369 564 459 591; x_wconf 82' lang='lat' dir='ltr'>cum</span> <span class='ocrx_word' id='word_1_51' title='bbox 486 551 606 593; x_wconf 70' lang='lat' dir='ltr'>electa</span> <span class='ocrx_word' id='word_1_52' title='bbox 633 563 749 591; x_wconf 80' lang='lat' dir='ltr'>manu</span> <span class='ocrx_word' id='word_1_53' title='bbox 775 551 994 603; x_wconf 63' lang='lat' dir='ltr'>profectus,</span> <span class='ocrx_word' id='word_1_54' title='bbox 1022 550 1304 593; x_wconf 82' lang='lat' dir='ltr'>Hasdrubalem</span> <span class='ocrx_word' id='word_1_55' title='bbox 1329 554 1410 594; x_wconf 82' lang='lat' dir='ltr'>cir·</span> 
     </span>
     <span class='ocr_line' id='line_1_8' title="bbox 178 621 387 656; baseline 0.019 -4"><span class='ocrx_word' id='word_1_56' title='bbox 178 621 387 656; x_wconf 81' lang='lat' dir='ltr'>cumvenit.</span> 
     </span>
    </p>
   </div>
   <div class='ocr_carea' id='block_1_4' title="bbox 124 756 1484 2487">
    <p class='ocr_par' dir='ltr' id='par_1_4' title="bbox 124 756 1484 2487">
     <span class='ocr_line' id='line_1_9' title="bbox 124 756 1410 881; baseline 0.001 -13"><span class='ocrx_word' id='word_1_57' title='bbox 124 824 156 870; x_wconf 89' lang='grc' dir='ltr'>Ι.</span> <span class='ocrx_word' id='word_1_58' title='bbox 193 756 366 872; x_wconf 76' lang='lat' dir='ltr'>HIC</span> <span class='ocrx_word' id='word_1_59' title='bbox 393 820 525 867; x_wconf 70' lang='lat' dir='ltr'>status</span> <span class='ocrx_word' id='word_1_60' title='bbox 546 834 692 865; x_wconf 83' lang='lat' dir='ltr'>rerum</span> <span class='ocrx_word' id='word_1_61' title='bbox 711 817 935 881; x_wconf 78' lang='lat' dir='ltr'>Hispaniae</span> <span class='ocrx_word' id='word_1_62' title='bbox 957 830 1064 867; x_wconf 89' lang='lat' dir='ltr'>erat.</span> <span class='ocrx_word' id='word_1_63' title='bbox 1081 822 1132 866; x_wconf 70' lang='lat' dir='ltr'>in</span> <span class='ocrx_word' id='word_1_64' title='bbox 1150 820 1274 868; x_wconf 88' lang='lat' dir='ltr'>Italia</span> <span class='ocrx_word' id='word_1_65' title='bbox 1294 837 1410 870; x_wconf 86' lang='lat' dir='ltr'>con-</span> 
     </span>
     <span class='ocr_line' id='line_1_10' title="bbox 125 889 1409 955; baseline 0.001 -16"><span class='ocrx_word' id='word_1_66' title='bbox 125 893 191 941; x_wconf 82' lang='lat' dir='ltr'>sul</span> <span class='ocrx_word' id='word_1_67' title='bbox 206 892 463 948; x_wconf 79' lang='lat' dir='ltr'>Marcellus,</span> <span class='ocrx_word' id='word_1_68' title='bbox 478 890 648 953; x_wconf 81' lang='lat' dir='ltr'>Salapia</span> <span class='ocrx_word' id='word_1_69' title='bbox 666 907 745 953; x_wconf 87' lang='lat' dir='ltr'>per</span> <span class='ocrx_word' id='word_1_70' title='bbox 765 889 1073 952; x_wconf 79' lang='lat' dir='ltr'>proditionem</span> <span class='ocrx_word' id='word_1_71' title='bbox 1093 905 1294 955; x_wconf 89' lang='lat' dir='ltr'>recepta,</span> <span class='ocrx_word' id='word_1_72' title='bbox 1310 896 1409 940; x_wconf 85' lang='lat' dir='ltr'>Ma-</span> 
     </span>
     <span class='ocr_line' id='line_1_11' title="bbox 126 961 1410 1026; baseline 0.001 -15"><span class='ocrx_word' id='word_1_73' title='bbox 126 981 312 1013; x_wconf 87' lang='lat' dir='ltr'>roneam</span> <span class='ocrx_word' id='word_1_74' title='bbox 344 967 392 1012; x_wconf 87' lang='lat'>&amp;</span> <span class='ocrx_word' id='word_1_75' title='bbox 421 962 560 1013; x_wconf 85' lang='lat' dir='ltr'>Meles</span> <span class='ocrx_word' id='word_1_76' title='bbox 591 962 644 1008; x_wconf 91' lang='lat' dir='ltr'>de</span> <span class='ocrx_word' id='word_1_77' title='bbox 666 961 940 1008; x_wconf 87' lang='lat' dir='ltr'>Samnitibus</span> <span class='ocrx_word' id='word_1_78' title='bbox 968 962 1018 1008; x_wconf 88' lang='lat' dir='ltr'>vi</span> <span class='ocrx_word' id='word_1_79' title='bbox 1049 963 1182 1026; x_wconf 85' lang='lat' dir='ltr'><strong>cepit.</strong></span> <span class='ocrx_word' id='word_1_80' title='bbox 1223 965 1293 1010; x_wconf 86' lang='lat' dir='ltr'>Ad</span> <span class='ocrx_word' id='word_1_81' title='bbox 1326 966 1410 1014; x_wconf 86' lang='lat' dir='ltr'>tria</span> 
     </span>
     <span class='ocr_line' id='line_1_12' title="bbox 125 1035 1410 1098; baseline 0 -13"><span class='ocrx_word' id='word_1_82' title='bbox 125 1039 266 1093; x_wconf 85' lang='lat' dir='ltr'>millia</span> <span class='ocrx_word' id='word_1_83' title='bbox 294 1037 489 1086; x_wconf 90' lang='lat' dir='ltr'>militum</span> <span class='ocrx_word' id='word_1_84' title='bbox 515 1036 578 1083; x_wconf 88' lang='lat' dir='ltr'>ibi</span> <span class='ocrx_word' id='word_1_85' title='bbox 604 1035 897 1093; x_wconf 82' lang='lat' dir='ltr'>Hannibalis,</span> <span class='ocrx_word' id='word_1_86' title='bbox 930 1053 1032 1098; x_wconf 80' lang='lat' dir='ltr'>quae</span> <span class='ocrx_word' id='word_1_87' title='bbox 1067 1036 1256 1098; x_wconf 84' lang='lat' dir='ltr'>praefidii</span> <span class='ocrx_word' id='word_1_88' title='bbox 1284 1038 1410 1086; x_wconf 85' lang='lat' dir='ltr'>causa</span> 
     </span>
     <span class='ocr_line' id='line_1_13' title="bbox 125 1106 1411 1173; baseline 0.001 -16"><span class='ocrx_word' id='word_1_89' title='bbox 125 1111 275 1158; x_wconf 66' lang='lat' dir='ltr'>relista</span> <span class='ocrx_word' id='word_1_90' title='bbox 305 1122 458 1168; x_wconf 87' lang='lat' dir='ltr'>erant,</span> <span class='ocrx_word' id='word_1_91' title='bbox 487 1108 704 1173; x_wconf 73' lang='lat' dir='ltr'>oppressa.</span> <span class='ocrx_word' id='word_1_92' title='bbox 736 1108 890 1171; x_wconf 83' lang='lat' dir='ltr'>Praeda</span> <span class='ocrx_word' id='word_1_93' title='bbox 909 1106 991 1172; x_wconf 91' lang='lat'>(&amp;</span> <span class='ocrx_word' id='word_1_94' title='bbox 1015 1108 1290 1172; x_wconf 86' lang='lat' dir='ltr'>aliquantum</span> <span class='ocrx_word' id='word_1_95' title='bbox 1316 1109 1411 1172; x_wconf 80' lang='lat' dir='ltr'>ejus</span> 
     </span>
     <span class='ocr_line' id='line_1_14' title="bbox 126 1180 1411 1246; baseline 0.001 -17"><span class='ocrx_word' id='word_1_96' title='bbox 126 1181 242 1246; x_wconf 85' lang='lat' dir='ltr'>fuit)</span> <span class='ocrx_word' id='word_1_97' title='bbox 282 1181 414 1229; x_wconf 89' lang='lat' dir='ltr'>militi</span> <span class='ocrx_word' id='word_1_98' title='bbox 439 1180 657 1230; x_wconf 85' lang='lat' dir='ltr'>conceffa.</span> <span class='ocrx_word' id='word_1_99' title='bbox 699 1180 834 1228; x_wconf 87' lang='lat' dir='ltr'>tritici</span> <span class='ocrx_word' id='word_1_100' title='bbox 859 1196 1042 1244; x_wconf 86' lang='lat' dir='ltr'>quoque</span> <span class='ocrx_word' id='word_1_101' title='bbox 1080 1181 1272 1229; x_wconf 81' lang='lat' dir='ltr'><strong>ducenta</strong></span> <span class='ocrx_word' id='word_1_102' title='bbox 1296 1199 1411 1246; x_wconf 79' lang='lat' dir='ltr'>qua-</span> 
     </span>
     <span class='ocr_line' id='line_1_15' title="bbox 126 1253 1411 1319; baseline 0.001 -17"><span class='ocrx_word' id='word_1_103' title='bbox 126 1255 328 1319; x_wconf 83' lang='lat' dir='ltr'>draginta</span> <span class='ocrx_word' id='word_1_104' title='bbox 356 1253 495 1301; x_wconf 88' lang='lat' dir='ltr'>millia</span> <span class='ocrx_word' id='word_1_105' title='bbox 526 1254 757 1313; x_wconf 87' lang='lat' dir='ltr'>modium,</span> <span class='ocrx_word' id='word_1_106' title='bbox 792 1254 843 1301; x_wconf 88' lang='lat'>&amp;</span> <span class='ocrx_word' id='word_1_107' title='bbox 878 1265 1056 1301; x_wconf 80' lang='lat' dir='ltr'>centum</span> <span class='ocrx_word' id='word_1_108' title='bbox 1089 1254 1243 1302; x_wconf 86' lang='lat' dir='ltr'>decem</span> <span class='ocrx_word' id='word_1_109' title='bbox 1269 1255 1411 1305; x_wconf 85' lang='lat' dir='ltr'>millia</span> 
     </span>
     <span class='ocr_line' id='line_1_16' title="bbox 125 1326 1412 1390; baseline 0 -14"><span class='ocrx_word' id='word_1_110' title='bbox 125 1329 285 1376; x_wconf 82' lang='lat' dir='ltr'>hordei</span> <span class='ocrx_word' id='word_1_111' title='bbox 312 1328 512 1374; x_wconf 85' lang='lat' dir='ltr'>inventa.</span> <span class='ocrx_word' id='word_1_112' title='bbox 548 1327 760 1374; x_wconf 88' lang='lat' dir='ltr'>Ceterum</span> <span class='ocrx_word' id='word_1_113' title='bbox 790 1343 1072 1390; x_wconf 81' lang='lat' dir='ltr'>nequaquam</span> <span class='ocrx_word' id='word_1_114' title='bbox 1100 1326 1204 1373; x_wconf 90' lang='lat' dir='ltr'>inde</span> <span class='ocrx_word' id='word_1_115' title='bbox 1231 1339 1412 1376; x_wconf 87' lang='lat' dir='ltr'>tantum</span> 
     </span>
     <span class='ocr_line' id='line_1_17' title="bbox 127 1397 1411 1465; baseline 0.001 -18"><span class='ocrx_word' id='word_1_116' title='bbox 127 1399 335 1465; x_wconf 85' lang='lat' dir='ltr'>gaudium</span> <span class='ocrx_word' id='word_1_117' title='bbox 361 1397 472 1457; x_wconf 85' lang='lat' dir='ltr'>fuit,</span> <span class='ocrx_word' id='word_1_118' title='bbox 500 1408 667 1462; x_wconf 84' lang='lat' dir='ltr'>quanta</span> <span class='ocrx_word' id='word_1_119' title='bbox 693 1397 835 1444; x_wconf 81' lang='lat' dir='ltr'>clades</span> <span class='ocrx_word' id='word_1_120' title='bbox 866 1398 979 1444; x_wconf 89' lang='lat' dir='ltr'>intra</span> <span class='ocrx_word' id='word_1_121' title='bbox 1008 1414 1176 1461; x_wconf 83' lang='lat' dir='ltr'>paucos</span> <span class='ocrx_word' id='word_1_122' title='bbox 1204 1399 1296 1448; x_wconf 88' lang='lat' dir='ltr'>dies</span> <span class='ocrx_word' id='word_1_123' title='bbox 1332 1417 1411 1448; x_wconf 84' lang='lat' dir='ltr'>ac·-</span> 
     </span>
     <span class='ocr_line' id='line_1_18' title="bbox 128 1468 1410 1533; baseline 0.002 -16"><span class='ocrx_word' id='word_1_124' title='bbox 128 1483 258 1533; x_wconf 87' lang='lat' dir='ltr'>cepta</span> <span class='ocrx_word' id='word_1_125' title='bbox 285 1468 369 1527; x_wconf 88' lang='lat' dir='ltr'>est,</span> <span class='ocrx_word' id='word_1_126' title='bbox 400 1469 522 1515; x_wconf 84' lang='lat' dir='ltr'>haud</span> <span class='ocrx_word' id='word_1_127' title='bbox 553 1468 714 1531; x_wconf 88' lang='lat' dir='ltr'>procul</span> <span class='ocrx_word' id='word_1_128' title='bbox 746 1469 800 1515; x_wconf 92' lang='lat' dir='ltr'>ab</span> <span class='ocrx_word' id='word_1_129' title='bbox 830 1469 1069 1517; x_wconf 84' lang='lat' dir='ltr'>Herdonea</span> <span class='ocrx_word' id='word_1_130' title='bbox 1096 1471 1220 1518; x_wconf 88' lang='lat' dir='ltr'>urbe.</span> <span class='ocrx_word' id='word_1_131' title='bbox 1256 1470 1410 1520; x_wconf 84' lang='lat' dir='ltr'>Castra</span> 
     </span>
     <span class='ocr_line' id='line_1_19' title="bbox 128 1541 1409 1607; baseline 0.001 -16"><span class='ocrx_word' id='word_1_132' title='bbox 128 1543 192 1591; x_wconf 87' lang='lat' dir='ltr'>ibi</span> <span class='ocrx_word' id='word_1_133' title='bbox 210 1545 296 1590; x_wconf 86' lang='lat' dir='ltr'>Cn.</span> <span class='ocrx_word' id='word_1_134' title='bbox 317 1541 502 1590; x_wconf 82' lang='lat' dir='ltr'>Fulvius</span> <span class='ocrx_word' id='word_1_135' title='bbox 531 1541 778 1604; x_wconf 86' lang='lat' dir='ltr'>proconsul</span> <span class='ocrx_word' id='word_1_136' title='bbox 800 1541 1014 1601; x_wconf 89' lang='lat' dir='ltr'>habebat,</span> <span class='ocrx_word' id='word_1_137' title='bbox 1043 1542 1116 1607; x_wconf 91' lang='lat' dir='ltr'>spe</span> <span class='ocrx_word' id='word_1_138' title='bbox 1137 1544 1409 1607; x_wconf 79' lang='lat' dir='ltr'>recipienda:</span> 
     </span>
     <span class='ocr_line' id='line_1_20' title="bbox 130 1616 1411 1681; baseline 0 -15"><span class='ocrx_word' id='word_1_139' title='bbox 130 1619 384 1666; x_wconf 80' lang='lat' dir='ltr'>Herdoneae</span> <span class='ocrx_word' id='word_1_140' title='bbox 398 1652 412 1675; x_wconf 88' lang='lat'>,</span> <span class='ocrx_word' id='word_1_141' title='bbox 434 1634 534 1681; x_wconf 83' lang='lat' dir='ltr'>quae</span> <span class='ocrx_word' id='word_1_142' title='bbox 555 1616 655 1680; x_wconf 86' lang='lat' dir='ltr'>post</span> <span class='ocrx_word' id='word_1_143' title='bbox 679 1616 957 1664; x_wconf 89' lang='lat' dir='ltr'>Cannensem</span> <span class='ocrx_word' id='word_1_144' title='bbox 978 1617 1145 1665; x_wconf 90' lang='lat' dir='ltr'>cladem</span> <span class='ocrx_word' id='word_1_145' title='bbox 1166 1619 1219 1665; x_wconf 83' lang='lat' dir='ltr'>ab</span> <span class='ocrx_word' id='word_1_146' title='bbox 1238 1619 1411 1676; x_wconf 78' lang='lat' dir='ltr'>Roma·</span> 
     </span>
     <span class='ocr_line' id='line_1_21' title="bbox 129 1689 1408 1755; baseline 0.002 -18"><span class='ocrx_word' id='word_1_147' title='bbox 129 1692 198 1739; x_wconf 88' lang='lat' dir='ltr'>nis</span> <span class='ocrx_word' id='word_1_148' title='bbox 225 1690 473 1750; x_wconf 88' lang='lat' dir='ltr'>defecerat,</span> <span class='ocrx_word' id='word_1_149' title='bbox 505 1707 587 1737; x_wconf 92' lang='lat' dir='ltr'>nec</span> <span class='ocrx_word' id='word_1_150' title='bbox 617 1689 725 1737; x_wconf 93' lang='lat' dir='ltr'>loco</span> <span class='ocrx_word' id='word_1_151' title='bbox 755 1689 853 1737; x_wconf 83' lang='lat' dir='ltr'>satis</span> <span class='ocrx_word' id='word_1_152' title='bbox 874 1703 975 1738; x_wconf 87' lang='lat' dir='ltr'>tuto</span> <span class='ocrx_word' id='word_1_153' title='bbox 996 1691 1166 1755; x_wconf 86' lang='lat' dir='ltr'>pofita,</span> <span class='ocrx_word' id='word_1_154' title='bbox 1194 1709 1277 1740; x_wconf 90' lang='lat' dir='ltr'>nec</span> <span class='ocrx_word' id='word_1_155' title='bbox 1294 1709 1408 1755; x_wconf 83' lang='lat' dir='ltr'>prae-</span> 
     </span>
     <span class='ocr_line' id='line_1_22' title="bbox 129 1762 1410 1831; baseline 0.001 -19"><span class='ocrx_word' id='word_1_156' title='bbox 129 1765 247 1812; x_wconf 78' lang='lat' dir='ltr'>fidiis</span> <span class='ocrx_word' id='word_1_157' title='bbox 284 1763 466 1812; x_wconf 85' lang='lat' dir='ltr'>firmata.</span> <span class='ocrx_word' id='word_1_158' title='bbox 499 1762 828 1827; x_wconf 85' lang='lat' dir='ltr'>Negligentiam</span> <span class='ocrx_word' id='word_1_159' title='bbox 858 1764 1029 1812; x_wconf 80' lang='lat' dir='ltr'>insitam</span> <span class='ocrx_word' id='word_1_160' title='bbox 1061 1766 1247 1829; x_wconf 85' lang='lat' dir='ltr'>ingenio</span> <span class='ocrx_word' id='word_1_161' title='bbox 1280 1765 1410 1831; x_wconf 86' lang='lat' dir='ltr'>ducis</span> 
     </span>
     <span class='ocr_line' id='line_1_23' title="bbox 130 1836 1411 1900; baseline 0.002 -16"><span class='ocrx_word' id='word_1_162' title='bbox 130 1837 318 1900; x_wconf 83' lang='lat' dir='ltr'>augebat</span> <span class='ocrx_word' id='word_1_163' title='bbox 342 1836 438 1899; x_wconf 90' lang='lat' dir='ltr'>spes</span> <span class='ocrx_word' id='word_1_164' title='bbox 467 1852 546 1894; x_wconf 91' lang='lat' dir='ltr'>ea,</span> <span class='ocrx_word' id='word_1_165' title='bbox 577 1836 704 1899; x_wconf 83' lang='lat' dir='ltr'>quod</span> <span class='ocrx_word' id='word_1_166' title='bbox 731 1836 875 1884; x_wconf 87' lang='lat' dir='ltr'>labare</span> <span class='ocrx_word' id='word_1_167' title='bbox 901 1837 952 1885; x_wconf 92' lang='lat' dir='ltr'>iis</span> <span class='ocrx_word' id='word_1_168' title='bbox 979 1838 1187 1887; x_wconf 87' lang='lat' dir='ltr'>adversus</span> <span class='ocrx_word' id='word_1_169' title='bbox 1217 1840 1411 1886; x_wconf 87' lang='lat' dir='ltr'>Poenum</span> 
     </span>
     <span class='ocr_line' id='line_1_24' title="bbox 131 1909 1410 1975; baseline 0 -17"><span class='ocrx_word' id='word_1_170' title='bbox 131 1910 266 1958; x_wconf 87' lang='lat' dir='ltr'>fidem</span> <span class='ocrx_word' id='word_1_171' title='bbox 302 1909 516 1969; x_wconf 87' lang='lat' dir='ltr'>senserat,</span> <span class='ocrx_word' id='word_1_172' title='bbox 552 1909 814 1973; x_wconf 83' lang='lat' dir='ltr'>postquam,</span> <span class='ocrx_word' id='word_1_173' title='bbox 846 1911 1016 1975; x_wconf 86' lang='lat' dir='ltr'>Salapia</span> <span class='ocrx_word' id='word_1_174' title='bbox 1047 1911 1220 1970; x_wconf 81' lang='lat' dir='ltr'>amiffa,</span> <span class='ocrx_word' id='word_1_175' title='bbox 1255 1910 1410 1958; x_wconf 84' lang='lat' dir='ltr'>exces-</span> 
     </span>
     <span class='ocr_line' id='line_1_25' title="bbox 131 1983 1412 2045; baseline 0.002 -15"><span class='ocrx_word' id='word_1_176' title='bbox 131 1983 224 2030; x_wconf 82' lang='lat' dir='ltr'>fiffe</span> <span class='ocrx_word' id='word_1_177' title='bbox 244 1983 311 2030; x_wconf 90' lang='lat' dir='ltr'>his</span> <span class='ocrx_word' id='word_1_178' title='bbox 333 1983 446 2031; x_wconf 88' lang='lat' dir='ltr'>locis</span> <span class='ocrx_word' id='word_1_179' title='bbox 471 1983 518 2030; x_wconf 89' lang='lat' dir='ltr'>in</span> <span class='ocrx_word' id='word_1_180' title='bbox 550 1984 747 2031; x_wconf 87' lang='lat' dir='ltr'>Bruttios</span> <span class='ocrx_word' id='word_1_181' title='bbox 775 1985 1072 2045; x_wconf 73' lang='lat' dir='ltr'>Hannibalem</span> <span class='ocrx_word' id='word_1_182' title='bbox 1104 1985 1303 2032; x_wconf 87' lang='lat' dir='ltr'>auditum</span> <span class='ocrx_word' id='word_1_183' title='bbox 1334 1984 1412 2033; x_wconf 88' lang='lat' dir='ltr'>est.</span> 
     </span>
     <span class='ocr_line' id='line_1_26' title="bbox 130 2055 1417 2120; baseline 0.001 -17"><span class='ocrx_word' id='word_1_184' title='bbox 130 2059 195 2103; x_wconf 86' lang='lat' dir='ltr'>Ea</span> <span class='ocrx_word' id='word_1_185' title='bbox 222 2056 400 2115; x_wconf 86' lang='lat' dir='ltr'>omnia,</span> <span class='ocrx_word' id='word_1_186' title='bbox 432 2056 487 2103; x_wconf 89' lang='lat' dir='ltr'>ab</span> <span class='ocrx_word' id='word_1_187' title='bbox 508 2055 750 2104; x_wconf 87' lang='lat' dir='ltr'>Herdonea</span> <span class='ocrx_word' id='word_1_188' title='bbox 776 2074 856 2120; x_wconf 88' lang='lat' dir='ltr'>per</span> <span class='ocrx_word' id='word_1_189' title='bbox 888 2058 1098 2106; x_wconf 87' lang='lat' dir='ltr'>occultos</span> <span class='ocrx_word' id='word_1_190' title='bbox 1121 2058 1306 2105; x_wconf 84' lang='lat' dir='ltr'>nuntios</span> <span class='ocrx_word' id='word_1_191' title='bbox 1333 2056 1417 2104; x_wconf 74' lang='lat' dir='ltr'>de-</span> 
     </span>
     <span class='ocr_line' id='line_1_27' title="bbox 132 2128 1410 2189; baseline 0.002 -14"><span class='ocrx_word' id='word_1_192' title='bbox 132 2128 220 2175; x_wconf 88' lang='lat' dir='ltr'>lata</span> <span class='ocrx_word' id='word_1_193' title='bbox 241 2129 505 2188; x_wconf 88' lang='lat' dir='ltr'>Hannibali,</span> <span class='ocrx_word' id='word_1_194' title='bbox 524 2129 648 2175; x_wconf 79' lang='lat' dir='ltr'>simul</span> <span class='ocrx_word' id='word_1_195' title='bbox 671 2145 818 2176; x_wconf 82' lang='lat' dir='ltr'>curam</span> <span class='ocrx_word' id='word_1_196' title='bbox 839 2129 973 2177; x_wconf 86' lang='lat' dir='ltr'>sociae</span> <span class='ocrx_word' id='word_1_197' title='bbox 1001 2129 1242 2177; x_wconf 80' lang='lat' dir='ltr'>retinendae</span> <span class='ocrx_word' id='word_1_198' title='bbox 1263 2128 1410 2189; x_wconf 88' lang='lat' dir='ltr'>urbis,</span> 
     </span>
     <span class='ocr_line' id='line_1_28' title="bbox 134 2200 1412 2267; baseline 0 -19"><span class='ocrx_word' id='word_1_199' title='bbox 134 2201 182 2248; x_wconf 87' lang='lat'>&amp;</span> <span class='ocrx_word' id='word_1_200' title='bbox 207 2200 325 2262; x_wconf 90' lang='lat' dir='ltr'>spem</span> <span class='ocrx_word' id='word_1_201' title='bbox 349 2201 492 2249; x_wconf 87' lang='lat' dir='ltr'>fecere</span> <span class='ocrx_word' id='word_1_202' title='bbox 514 2201 744 2250; x_wconf 85' lang='lat' dir='ltr'>incautum</span> <span class='ocrx_word' id='word_1_203' title='bbox 763 2201 933 2250; x_wconf 87' lang='lat' dir='ltr'>hostem</span> <span class='ocrx_word' id='word_1_204' title='bbox 958 2202 1254 2267; x_wconf 86' lang='lat' dir='ltr'>aggrediendi.</span> <span class='ocrx_word' id='word_1_205' title='bbox 1279 2218 1412 2265; x_wconf 83' lang='lat' dir='ltr'>exer·</span> 
     </span>
     <span class='ocr_line' id='line_1_29' title="bbox 132 2273 1411 2340; baseline 0.002 -20"><span class='ocrx_word' id='word_1_206' title='bbox 132 2273 225 2320; x_wconf 83' lang='lat' dir='ltr'>citu</span> <span class='ocrx_word' id='word_1_207' title='bbox 242 2274 482 2336; x_wconf 76' lang='lat' dir='ltr'>expedito,</span> <span class='ocrx_word' id='word_1_208' title='bbox 505 2274 565 2322; x_wconf 88' lang='lat' dir='ltr'>ita</span> <span class='ocrx_word' id='word_1_209' title='bbox 584 2289 633 2322; x_wconf 86' lang='lat' dir='ltr'>ut</span> <span class='ocrx_word' id='word_1_210' title='bbox 651 2275 809 2323; x_wconf 89' lang='lat' dir='ltr'>famam</span> <span class='ocrx_word' id='word_1_211' title='bbox 830 2293 971 2340; x_wconf 88' lang='lat' dir='ltr'>prope</span> <span class='ocrx_word' id='word_1_212' title='bbox 996 2276 1292 2340; x_wconf 82' lang='lat' dir='ltr'>praeveniret,</span> <span class='ocrx_word' id='word_1_213' title='bbox 1312 2292 1411 2323; x_wconf 85' lang='lat' dir='ltr'>ma-</span> 
     </span>
     <span class='ocr_line' id='line_1_30' title="bbox 134 2347 1413 2413; baseline 0.003 -22"><span class='ocrx_word' id='word_1_214' title='bbox 134 2347 235 2410; x_wconf 85' lang='lat' dir='ltr'>gnis</span> <span class='ocrx_word' id='word_1_215' title='bbox 264 2347 495 2395; x_wconf 87' lang='lat' dir='ltr'>itineribus</span> <span class='ocrx_word' id='word_1_216' title='bbox 520 2350 574 2396; x_wconf 89' lang='lat' dir='ltr'>ad</span> <span class='ocrx_word' id='word_1_217' title='bbox 603 2350 892 2398; x_wconf 79' lang='lat' dir='ltr'>Herdoneam</span> <span class='ocrx_word' id='word_1_218' title='bbox 919 2350 1184 2407; x_wconf 82' lang='lat' dir='ltr'>contendit,</span> <span class='ocrx_word' id='word_1_219' title='bbox 1213 2350 1289 2409; x_wconf 87' lang='lat'>&amp;‚</span> <span class='ocrx_word' id='word_1_220' title='bbox 1316 2364 1413 2413; x_wconf 88' lang='lat' dir='ltr'>quo</span> 
     </span>
     <span class='ocr_line' id='line_1_31' title="bbox 132 2418 1484 2487; baseline 0.004 -23"><span class='ocrx_word' id='word_1_221' title='bbox 132 2419 236 2482; x_wconf 81' lang='lat' dir='ltr'>plus</span> <span class='ocrx_word' id='word_1_222' title='bbox 267 2421 451 2471; x_wconf 85' lang='lat' dir='ltr'>terroris</span> <span class='ocrx_word' id='word_1_223' title='bbox 481 2421 596 2471; x_wconf 84' lang='lat' dir='ltr'>hosti</span> <span class='ocrx_word' id='word_1_224' title='bbox 630 2421 874 2487; x_wconf 84' lang='lat' dir='ltr'>objiceret,</span> <span class='ocrx_word' id='word_1_225' title='bbox 901 2422 995 2474; x_wconf 83' lang='lat' dir='ltr'>acie</span> <span class='ocrx_word' id='word_1_226' title='bbox 1024 2421 1231 2473; x_wconf 59' lang='lat' dir='ltr'>instructa</span> <span class='ocrx_word' id='word_1_227' title='bbox 1263 2418 1412 2478; x_wconf 50' lang='lat' dir='ltr'>accese.</span> <span class='ocrx_word' id='word_1_228' title='bbox 1480 2470 1484 2474; x_wconf 67' lang='grc'><strong><em>,</em></strong></span> 
     </span>
    </p>
   </div>
  </div>
 </body>
</html>
