1628 2890
244 168 773 216 {HSTORIARUM
826 170 947 215 LIB.
993 171 1187 216 XXIV.
1274 185 1354 232 193

84 277 277 322 andriam
297 275 513 332 juberent,
548 277 607 319 ad
639 278 773 321 virum
806 294 1002 333 uxorem,
1038 279 1098 322 ad
1117 293 1274 338 patrem
1294 276 1362 336 fi-

84 352 181 394 lias.
216 346 394 393 Aversis
424 347 605 393 auribus
634 346 880 410 animisque
901 384 914 407 ‚
952 348 1062 395 caffe
1097 365 1152 394 ne
1186 361 1362 411 ternpus

84 432 344 477 tereretur,
363 419 528 466 ferrum
562 419 775 483 quosdam
806 422 1092 483 expedientes
1125 424 1358 481 cernebat:

85 505 180 539 tum
196 529 211 549 ‚
244 492 410 539 omiffis
440 509 525 555 pro
553 492 594 537 se
615 491 822 554 precibus
837 529 850 551 ,
867 499 1021 554 puellis
1043 498 1249 557 utsaltem
1262 516 1363 559 par·

85 582 239 623 cerem,
274 581 402 612 orare
433 564 614 611 institit:
649 584 675 610 a
708 584 790 626 qua
817 584 929 613 aetate
956 572 1078 613 etiam
1111 572 1236 637 hostes
1273 572 1365 616 ira·

84 657 149 686 tos
177 642 396 707 alssitzere,
426 659 505 696 ne,
537 656 740 699 tyrannos
770 642 1001 700 ulciscendo
1019 676 1032 696 ,
1061 659 1145 701 quae
1165 640 1364 704 odzffefzt‚

74 716 228 773 seelera
254 716 521 758 imitarentur.
556 713 674 756 Inter
701 711 795 756 haec
827 711 1083 758 abstractam
1115 730 1138 758 a
1164 706 1366 775 penetras·

86 786 203 831 libus
236 783 461 849 jugulant:
492 784 539 829 in
571 782 769 846 virgines
806 783 994 841 deinde,
1026 784 1234 847 respersas
1267 805 1366 834 ma-

85 856 164 903 tris
198 871 386 912 cruore,
416 854 633 917 impetum
659 852 841 901 faciunt.
872 871 995 917 quae,
1024 854 1211 903 alienata
1239 875 1367 905 men-

86 941 130 975 te
165 928 291 974 simul
323 928 445 975 luctu
479 939 715 990 metuque,
751 927 880 973 velut
914 939 1053 989 captae
1090 927 1271 987 furore,
1306 948 1365 978 eo

87 1002 218 1050 cursu
244 1001 285 1049 se
311 1019 367 1049 ex
396 1000 585 1048 sacrario
607 1000 956 1063 proripuerunt,
980 1015 1050 1058 ut,
1086 1001 1116 1046 fi
1148 1002 1366 1068 effugium

88 1075 289 1138 patuisset
319 1075 367 1122 in
400 1074 658 1138 publicum,
692 1073 942 1136 impleturae
978 1075 1133 1121 urbem
1171 1080 1366 1126 tumultu

87 1148 264 1195 fuerint.
298 1148 414 1194 Tum
448 1162 629 1210 quoque
660 1145 778 1193 haud
810 1164 973 1210 magno
1007 1148 1167 1196 aedium
1195 1150 1365 1214 spatio,

88 1219 205 1266 inter
228 1218 401 1265 medios
429 1231 499 1264 tot
530 1229 722 1264 armatos
742 1254 757 1274 ,
789 1219 1027 1281 aliquoties
1058 1221 1234 1285 integro
1261 1243 1366 1273 cor-

87 1309 201 1356 pore
235 1290 501 1338 evaserunt:
537 1290 875 1352 tenentibusque
895 1326 908 1348 ‚
951 1309 1052 1337 cum
1085 1304 1155 1339 tot
1191 1310 1241 1342 ac
1273 1308 1365 1345 tam

89 1364 251 1411 validae
284 1362 528 1409 elustandae
562 1379 716 1409 manus
752 1362 914 1420 effent,
946 1363 1034 1410 sese
1067 1366 1364 1428 eripuerunt:

88 1439 298 1495 tandem,
327 1436 588 1483 vulneribus
619 1435 860 1494 confectae,
892 1453 992 1483 cum
1022 1441 1172 1487 omnia
1199 1444 1367 1505 reples-

88 1512 183 1559 sent
203 1508 436 1573 sanguine,
455 1508 679 1555 exanimes
700 1523 990 1565 corruerunt3
1014 1512 1269 1577 caedemque
1286 1533 1366 1579 per

89 1586 133 1632 se
175 1580 467 1629 miserabilem
509 1579 872 1626 miserabiliorem
914 1581 1034 1628 casus
1072 1582 1202 1643 fecit,
1241 1590 1367 1651 quod

90 1656 227 1721 paulo
249 1655 347 1718 post
367 1653 548 1701 nuntius
570 1653 720 1710 venit,
742 1654 920 1700 mutatis
951 1668 1132 1717 repente
1159 1660 1211 1705 ad
1236 1661 1374 1708 mise-

90 1727 332 1776 ricordiam
359 1726 540 1781 animis,
563 1742 618 1771 ne
640 1723 1022 1773 interficerentur?
1039 1731 1105 1774 Ira
1124 1730 1284 1778 deinde
1309 1751 1367 1781 ex

90 1800 395 1851 misericordia
416 1814 536 1858 orta,
561 1799 685 1863 quod
712 1799 825 1845 adeo
854 1799 1103 1847 festinatum
1123 1803 1178 1849 ad
1198 1803 1367 1869 suppli⁴⁵

93 1876 212 1924 cium
228 1910 241 1933 ‚
268 1890 410 1935 neque
431 1873 560 1919 locus
585 1872 865 1935 poenitendi,
889 1885 963 1919 aut
987 1876 1196 1938 regressus
1224 1879 1279 1925 ab
1301 1881 1366 1928 ira

93 1950 268 1998 relictus
289 1947 406 1993 effer.
425 1947 569 2009 iraque
588 1944 774 1992 fremere
795 1945 1035 1993 multitudo
1050 1983 1063 2005 ‚
1079 1948 1191 1995 &in
1210 1950 1365 2001 locum

93 2019 414 2069 Andranodori
433 2036 483 2065 ac
501 2018 721 2066 Themisti
740 2016 865 2083 (nam
884 2020 1017 2066 ambo
1036 2036 1248 2095 praetores
1267 2025 1368 2073 fue-

93 2092 218 2156 rant)
247 2091 427 2139 comitia
455 2090 663 2153 poscere:
685 2106 787 2152 quae
813 2107 1092 2155 nequaquam
1117 2109 1172 2139 ex
1193 2094 1369 2145 senten-

93 2169 156 2216 tia
181 2177 427 2229 praetorum
454 2163 598 2209 futura
626 2162 775 2211 effent.

160 2239 351 2288 XXVII.
383 2238 576 2283 Statutus
602 2235 662 2282 est
683 2235 877 2283 comitiis
897 2235 988 2283 dies
1009 2252 1020 2283 ε
1039 2253 1161 2301 quo,
1184 2243 1368 2305 necopia

94 2312 302 2362 nantibus
327 2309 537 2357 omnibus
551 2344 564 2366 ,
583 2325 697 2355 unus
715 2324 770 2354 ex
794 2308 947 2354 ultima
968 2311 1096 2356 turba
1116 2313 1366 2376 Epicydem

97 2384 376 2442 nominavit,
406 2395 501 2429 tum
531 2382 633 2429 inde
657 2381 765 2428 alius
799 2382 1134 2444 Hippocratem.
1166 2385 1368 2436 crebrio-

97 2474 165 2504 res
198 2456 356 2502 deinde
387 2472 450 2501 eae
477 2471 645 2515 voces,
671 2456 720 2503 δέ
754 2471 858 2504 cum
888 2454 1005 2503 haud
1030 2457 1170 2505 dubio
1201 2460 1365 2506 affensu

164 2533 214 2581 T.
241 2531 334 2578 Li».
364 2531 459 2575 Vol.
478 2531 553 2577 IV,
1070 2529 1116 2573 N
