1628 2890
215 124 305 188 380
569 121 1128 168 T1T1L1v11

212 231 385 291 fitoque
414 228 482 275 his
513 231 561 275 L.
586 227 720 275 Furio
739 228 1032 289 Purpureone
1058 226 1242 272 tribuno
1267 223 1493 283 militumg

211 300 409 363 vestigiis
443 298 602 346 institit
632 298 769 363 sequi.
807 298 876 344 Ad
905 297 1143 344 Venusiam
1177 298 1359 362 adeptus
1389 314 1492 345 eum

211 372 286 419 est.
320 371 385 417 Ibi
416 387 496 434 per
526 370 617 417 dies
637 369 809 433 aliquot
829 385 928 416 cum
948 368 1003 414 ab
1020 366 1282 416 stationibus
1301 386 1492 432 procur-

211 445 400 504 saretur,
420 444 559 492 mixta
578 444 776 508 equitum
795 442 1085 506 peditumque
1107 441 1378 488 tumultuosa
1398 459 1492 488 ma-

211 519 277 584 gis
297 518 459 582 proelia
473 554 487 578 ,
515 535 649 582 quam
668 534 852 580 magna,
871 516 922 563 &
947 515 1084 561 ferme
1102 515 1257 561 omnia
1273 514 1494 562 Romanis

211 591 402 639 secunda
422 590 622 639 fuerunt.
654 591 760 637 Inde
786 605 866 652 per
889 589 1097 651 Apuliam
1128 588 1243 635 duf'ti
1269 588 1494 635 exercitus

211 665 304 712 s1ne
341 664 438 711 ullo
476 663 774 710 memorando
810 660 1051 709 certamine
1073 696 1087 718 ‚
1132 677 1233 707 cum
1269 658 1494 707 Hannibal

213 738 346 786 noc'le
364 738 484 802 signa
500 749 712 786 moveret
727 773 740 795 ,
761 736 913 783 locum
934 733 1101 782 infidiis
1123 750 1355 797 quaeren33
1375 736 1495 780 Mar-

216 811 354 859 cellus
384 810 465 857 nifi
495 822 614 859 certa
640 810 739 858 luce
755 845 769 869 ,
793 811 843 857 &
869 806 1109 871 explorato
1138 818 1240 853 ante
1258 843 1274 865 ,
1304 823 1400 853 non
1426 805 1496 853 se-

215 896 440 948 queretur.

279 957 347 1003 111.
369 956 537 1016 Capuae
555 951 733 999 interim
753 952 936 1000 Flaccus
959 953 1066 1000 dum
1087 951 1220 999 bonis
1241 949 1498 1014 principum

216 1026 492 1085 vendendis,
522 1041 658 1089 agro,
687 1026 766 1088 qui
803 1025 1055 1088 publicatus
1091 1024 1264 1082 fuerat,
1299 1024 1499 1071 locando

219 1098 425 1164 (locavit
459 1108 606 1144 autem
640 1112 823 1143 omnem
857 1095 1118 1161 frumento)
1152 1108 1328 1158 tempus
1361 1097 1497 1152 terit;·

217 1188 273 1218 ne
298 1168 459 1216 deesset
488 1167 670 1214 materia
689 1166 736 1213 in
762 1168 1020 1229 Campanos
1049 1165 1290 1225 saeviendi,
1317 1184 1499 1215 novum

216 1244 263 1291 in
296 1241 485 1290 occulto
509 1240 696 1305 gliscens
719 1257 798 1303 per
818 1239 1037 1287 indicium
1056 1241 1332 1303 protraffiim
1353 1241 1414 1288 est
1435 1240 1501 1288 fa-

217 1318 360 1364 cinus.
390 1315 558 1363 Milites
583 1313 781 1362 aedificiis
800 1325 1006 1372 emotos,
1034 1313 1162 1360 fimul
1183 1326 1232 1360 ut
1259 1331 1362 1361 cum
1389 1331 1502 1378 agro

214 1390 329 1436 reita
347 1388 470 1436 urbis
500 1388 684 1434 fruenda
706 1386 990 1445 locarentur,
1024 1386 1151 1434 fimul
1180 1399 1411 1447 metuens,
1443 1403 1502 1435 ne
1564 1426 1566 1428 .

214 1465 344 1512 suum
377 1480 562 1529 quoque
594 1463 875 1521 exercitum,
903 1464 1014 1513 ficut
1036 1463 1327 1522 Hannibalis,
1361 1463 1503 1510 nimia

217 1539 339 1586 urbis
370 1537 608 1585 amoenitas
635 1537 886 1598 emolliret,
915 1538 963 1586 in
983 1538 1126 1602 portis
1146 1536 1368 1601 murisque
1398 1537 1502 1583 fibi·-

216 1626 310 1660 met
335 1610 455 1674 ipsos
476 1611 588 1658 tecta
607 1610 858 1658 militariter
888 1624 1097 1676 coegerat
1114 1609 1346 1657 aedificare.
1371 1622 1500 1657 erant

218 1696 363 1733 autem
387 1685 600 1748 pleraque
628 1700 685 1730 ex
715 1684 912 1732 cratibus
943 1696 1019 1732 aut
1043 1684 1203 1732 tabulis
1233 1683 1345 1730 safra
1360 1720 1375 1742 ,
1413 1683 1500 1732 alia

218 1758 436 1806 arundine
453 1771 603 1817 texta,
636 1757 879 1806 stramento
912 1758 1072 1806 inteEta
1102 1758 1279 1816 omnia,
1301 1758 1426 1805 velut
1446 1759 1503 1806 de

218 1831 462 1888 industria,
491 1832 710 1879 alimentis
739 1832 868 1896 ignis.
903 1834 1012 1879 Haec
1040 1831 1183 1878 noetis
1203 1849 1291 1878 una
1321 1833 1433 1878 hora
1451 1844 1503 1879 ut

220 1904 374 1951 omnia
400 1905 717 1963 incenderent,
746 1917 928 1952 centum
956 1904 1230 1968 septuaginta
1254 1903 1502 1967 Campani,

220 1976 500 2041 principibus
529 1977 737 2025 fratribus
764 1978 948 2036 Blofiis,
983 1978 1346 2040 conjuraverant.
1381 1979 1501 2025 indi-

224 2051 299 2098 cio
321 2050 415 2114 ejus
443 2051 508 2098 rei
531 2068 587 2098 ex
617 2050 782 2099 familia
809 2052 1062 2099 Blofiorum
1091 2051 1232 2111 fatto,
1251 2052 1394 2116 portis
1425 2069 1501 2100 re·-

221 2135 357 2186 pente
378 2123 491 2185 jussu
519 2124 803 2188 proconsulis
822 2124 978 2172 clausis
995 2160 1008 2183 ,
1037 2142 1140 2172 cum
1159 2125 1213 2171 ad
1231 2142 1350 2171 arma
1373 2124 1506 2189 figno

224 2195 330 2242 dato
349 2196 511 2243 milites
531 2197 875 2253 concurriss'ent3
897 2197 1203 2259 comprehensi
1222 2213 1378 2244 omnes
1391 2232 1405 2255 ,
1423 2195 1503 2260 qui

224 2267 272 2315 in
290 2284 412 2315 noxa
434 2281 579 2328 erant,
598 2271 669 2328 &,
686 2271 932 2332 quaestione
954 2271 1114 2317 acriter
1133 2270 1306 2326 habita,
1322 2270 1505 2316 damnao

225 2340 261 2388 ti
284 2341 545 2406 necatique:
578 2341 798 2389 indicibus
817 2343 1024 2401 libertas,
1057 2345 1107 2390 &
1131 2343 1229 2390 aeris
1260 2343 1372 2389 dena
1401 2341 1506 2388 mil-

229 2413 289 2462 lia
318 2415 431 2466 data.
474 2415 730 2468 Nucerinos
760 2417 812 2465 δε
842 2416 1095 2469 Acerranos
1129 2427 1394 2481 querentes,
1426 2414 1507 2464 ubi
