1628 2890
272 135 826 184 HisToatARUM
871 133 1233 182 maxx-151.
1306 149 1395 195 297

115 245 360 293 Cornelius
379 245 618 305 habuisset,
646 245 861 293 decretae:
893 247 944 292 &
961 243 1318 308 supplementum
1345 241 1398 288 de

115 318 316 366 exercitu
353 320 439 366 Cn.
480 318 666 377 Fulvii,
697 318 775 382 qui
811 317 963 381 priore
997 333 1119 364 anno
1152 317 1200 362 in
1236 314 1399 377 Apulia

113 389 239 438 foede
267 389 401 439 caesus
434 389 699 454 fugatusque
733 399 840 436 erat.
881 389 998 437 Huic
1021 388 1172 453 generi
1204 387 1398 434 militum

96 463 291 525 ‘senatus
319 463 540 520 eundem,
566 480 700 527 quem
719 462 1052 521 Cannensibus,
1076 460 1213 507 finem
1240 460 1398 506 statue-

95 533 398 582 'ratmilitiaez
431 535 629 582 additum
653 535 788 582 etiam
810 547 1104 597 utrorumque
1134 532 1399 597 ignominiae

114 607 204 663 est,
230 624 286 653 ne
313 607 359 653 in
386 606 566 670 oppidis
593 606 911 664 hibernarent,
942 622 1061 654 neve
1082 606 1270 652 hiberna
1292 620 1399 666 pro-

113 681 214 744 pius
245 680 382 727 ullam
415 680 572 727 urbem
604 680 760 728 decern
791 679 987 726 millibus
1020 679 1218 741 paffuum
1253 669 1398 724 aedifi-'-

115 764 282 800 carent.
310 754 359 798 L.
379 751 601 799 Cornelio
620 751 668 798 in
693 750 894 798 Sardinia
913 751 1012 797 duae
1029 750 1228 814 legiones
1259 749 1399 805 datae,

78 856 80 859 ·
114 824 276 889 quibus
317 826 377 885 Q.
419 825 597 872 Mucius
631 823 886 887 praefuerat.
931 822 1322 886 supplementum,
1365 821 1399 867 fi

116 914 231 960 opus
249 899 351 944 ess'et
366 935 379 955 ‚
406 897 608 944 consules
634 896 801 944 seibere
818 895 929 958 juffi.
964 895 1018 940 T.
1037 894 1239 941 Otacilio
1262 896 1311 942 δε
1330 896 1396 941 Μ.

114 972 300 1019 Valerio
320 972 481 1020 Siciliae
495 971 775 1035 Graeciaeque
797 987 877 1017 ora
896 986 1000 1017 cum
1022 968 1274 1031 legionibus
1291 966 1397 1015 clas-

115 1045 319 1109 sibusque
335 1082 348 1103 ‚
367 1045 529 1109 quibus
549 1056 768 1108 praeerant
783 1080 798 1103 ,
821 1044 1022 1091 decretae.
1058 1041 1398 1106 Quinquaginta

117 1119 268 1165 Graeci
299 1136 399 1165 cum
426 1117 604 1182 legione
630 1135 748 1178 una,
777 1133 958 1166 centum
983 1115 1122 1163 Siculi
1153 1132 1255 1163 cum
1286 1114 1400 1161 dua-

115 1192 197 1238 bus
232 1191 489 1255 legionibus
517 1191 740 1238 habebant
769 1207 922 1239 naves.
959 1189 1124 1236 Tribus
1153 1190 1203 1236 &
1232 1186 1398 1250 viginti

115 1265 370 1329 legionibus
393 1265 611 1313 Romanis
641 1281 698 1312 eo
729 1281 851 1315 anno
869 1261 1035 1311 bellum
1056 1273 1171 1307 terra
1199 1258 1399 1322 marique

116 1338 177 1384 est
212 1338 394 1402 gestum.

179 1414 228 1457 Il.
260 1411 487 1475 Principio
524 1411 617 1473 ejus
650 1411 756 1459 anni
787 1428 889 1460 cum
920 1411 974 1458 de
1000 1408 1139 1456 literis
1166 1410 1215 1454 L.
1234 1404 1398 1453 Marcii

111 1483 377 1542 referretur,
407 1501 475 1531 res
500 1484 627 1549 gestae
656 1483 904 1549 magnificae
929 1483 1097 1530 senatui
1121 1481 1253 1529 visae:
1284 1480 1395 1526 titu-

115 1554 182 1608 lus
219 1557 408 1602 honoris
455 1556 644 1621 (quod,
682 1557 875 1620 imperio
920 1573 1014 1603 non
1054 1553 1214 1618 populi
1247 1552 1361 1615 juffu
1383 1588 1397 1611 ,

117 1645 210 1674 non
240 1645 295 1673 ex
322 1628 584 1674 auctoritate
604 1630 779 1675 Patrurn
803 1628 906 1675 dato
922 1663 936 1686 ‚
961 1625 1396 1688 Propraetorfinacui,

115 1699 377 1764 scripserat)
419 1718 624 1764 magnam
655 1714 827 1764 partem
856 1699 1094 1746 hominum
1134 1695 1400 1743 offendebat.

117 1774 220 1818 Rem
258 1776 360 1820 mali
387 1777 564 1834 exempli
596 1773 697 1838 effe,
727 1777 988 1834 imperatores
1016 1774 1093 1833 legi
1128 1773 1181 1815 ab
1212 1770 1398 1815 exerciti·

117 1848 223 1891 bus:
259 1844 301 1892 δ’
320 1848 520 1906 fillemnc
551 1848 857 1907 auspicatorum
893 1847 1150 1891 comitiorum
1188 1845 1234 1887 itt
1271 1842 1399 1907 castra

117 1919 160 1968 δ’
177 1923 449 1980 provincias,
478 1925 627 1980 procul
646 1923 698 1965 ab
725 1924 880 1983 legibus
912 1910 1313 1986 magistratibusque,
1339 1916 1400 1959 ad

115 1997 332 2040 militarem
357 1997 613 2041 temeritatem
632 1996 860 2054 transferri.
895 1995 967 2051 &‚
998 2010 1102 2040 cum
1127 1990 1307 2053 quidam
1328 2003 1398 2033 re-

117 2064 350 2110 ferendum
376 2066 429 2111 ad
455 2065 653 2113 senatum
675 2066 905 2113 censerent
922 2102 935 2124 ‚
966 2064 1123 2112 melius
1145 2061 1291 2108 visum
1313 2058 1396 2105 dif-

117 2134 223 2181 ferri
260 2152 354 2182 eam
389 2136 795 2196 consultationem,
828 2137 977 2185 donec
1004 2133 1399 2200 proficiscerentur

116 2211 289 2274 equites
309 2247 322 2270 ‚
350 2213 424 2275 qui
449 2213 503 2259 ab
527 2213 702 2260 Marcio
734 2214 881 2261 literas
910 2213 1160 2260 attulerant.
1196 2206 1398 2255 Rescribi

116 2284 170 2329 de
204 2282 428 2331 frumento
455 2287 503 2332 &
534 2286 806 2346 vestimentis
831 2286 1056 2332 exercitus
1084 2283 1274 2347 placuit:
1305 2301 1395 2327 eam

117 2371 329 2418 utramque
355 2377 433 2404 rem
458 2360 661 2418 curaefore
668 2362 855 2421 senatui.
893 2357 1080 2406 adscribi
1102 2368 1272 2411 autem,
1292 2357 1397 2399 Pro-

109 2432 280 2488 proetori
315 2433 362 2475 L.
387 2434 687 2490 Marcio,‘non
707 2432 901 2495 placuit:
928 2449 983 2480 ne
1011 2431 1056 2477 id
1083 2428 1248 2492 ipsum,
1272 2425 1396 2489 quod
