1628 2890
283 150 817 198 HlsTORIARUM
866 153 991 201 LIB.
1036 153 1204 202 xxu.
1274 129 1276 132 ’
1337 159 1393 222 65

115 258 255 306 castra
278 293 292 318 ‚
329 255 485 305 decem
520 257 567 304 in
610 257 819 320 majora,
859 258 949 308 duo
984 259 1123 309 ferme
1162 261 1210 309 in
1244 262 1401 312 vicum

113 330 456 393 ipsumCannas
477 330 770 394 perfugerunt
790 349 800 378 :
824 332 902 395 qui
923 334 1153 397 extemplo
1172 353 1197 382 a
1213 337 1400 385 Cartha-

115 402 224 449 lone
257 414 390 466 atque
425 404 682 465 equitibus,
720 403 847 449 nullo
892 406 1177 453 munimento
1222 420 1400 473 tegente

114 476 269 524 vicum
289 512 302 533 ,
322 475 622 534 circum-venti
654 475 768 522 sunt.
805 475 981 523 Consul
1002 478 1112 525 alter
1127 515 1141 538 ,
1159 479 1230 527 seu
1252 481 1372 530 forte
1386 520 1402 545 ‚

111 547 186 595 seu
208 547 398 595 consilio
414 585 427 607 ,
455 548 568 595 nulli
596 547 862 611 fugientium
884 548 1066 597 infestus
1083 553 1275 615 agmini,
1296 572 1398 602 cum

113 620 389 685 septuaginta
411 621 501 669 fere
518 621 743 686 equitibus
765 623 1005 671 Venufiam
1031 625 1240 690 perfugit.
1273 630 1402 689 Qua-

112 695 312 759 draginta
358 694 498 743 millia
541 694 774 758 peditum,
814 696 908 742 duo
947 697 1087 744 millia
1132 699 1400 765 septingenti

111 769 309 831 equite3‚
332 770 383 816 &
408 780 528 815 tant-a
555 785 699 831 prope
731 767 902 815 civium
932 768 1249 835 sociorumque
1269 792 1399 838 pars,

112 842 209 888 caefi
238 842 470 897 dicuntum
491 841 538 887 in
561 841 629 887 his
649 842 785 888 ambo
816 841 1052 889 consulum
1079 845 1321 907 quaestores
1349 852 1399 898 L,

110 913 275 960 Atilius
295 915 344 961 ὃς
364 915 411 959 L,
444 912 607 965 Furius,
620 912 885 960 Bibaculus:
914 929 1028 961 unus
1051 915 1101 962 δέ
1131 915 1298 979 viginti
1315 921 1399 967 tri-

111 983 221 1031 buni
249 985 477 1032 militum:
511 983 766 1032 consulares
805 984 986 1047 quidam
1022 987 1313 1052 praetoriique
1349 993 1400 1040 δε

112 1058 320 1106 aedilicii:
350 1059 469 1105 inter
498 1075 577 1105 eos
597 1059 683 1106 Cn.
702 1057 947 1106 Servilium
981 1059 1226 1108 Geminum
1259 1064 1309 1110 &
1334 1066 1402 1114 M.

109 1130 364 1179 Minucium
390 1142 648 1189 numerant,
683 1132 761 1195 qui
780 1131 986 1195 magister
1013 1126 1212 1196 equitum
1245 1134 1398 1198 priore

108 1221 232 1251 anno
245 1239 259 1263 ,
274 1204 448 1268 aliquot
461 1216 562 1250 ante
579 1203 736 1251 consul
753 1203 896 1250 fuerat
912 1222 921 1250 :
941 1204 1170 1268 o&oginta
1183 1219 1397 1268 praeterea

109 1292 186 1322 aut
214 1276 463 1331 senatores,
497 1289 574 1322 aut
605 1278 682 1338 qui
721 1293 800 1321 eos
835 1277 1110 1341 magistratus
1153 1281 1396 1343 geffiffent,

17 1337 21 1346 1
81 1358 84 1360 ’
109 1348 231 1396 unde
253 1347 301 1393 in
326 1347 523 1394 senatum
555 1347 640 1411 legi
670 1348 909 1407 deberent,
930 1367 1032 1396 cum
1059 1351 1133 1398 sua
1156 1353 1397 1401 voluntate

108 1422 271 1469 milites
298 1421 345 1468 in
368 1420 620 1484 legionibus
649 1420 748 1469 faeti
780 1422 930 1470 effent.
963 1423 1107 1486 Capta
1135 1440 1191 1471 eo
1224 1427 1396 1488 proelio

110 1497 195 1544 tria
223 1495 360 1542 millia
379 1495 579 1558 peditum
600 1496 650 1542 &
668 1496 838 1559 equites
858 1497 1047 1543 trecenti
1072 1497 1297 1548 dicuntur.

174 1570 223 1615 L.
254 1570 361 1614 Haec
394 1566 454 1613 est
484 1583 633 1630 pugna
661 1569 933 1628 Cannenfis,
958 1569 1139 1616 Alliensi
1171 1572 1287 1618 cladi
1313 1590 1399 1620 no·

110 1640 280 1688 bilitate
314 1657 423 1703 par:
457 1650 654 1686 ceterum
688 1652 737 1686 ut
772 1639 888 1698 illis,
926 1658 1027 1704 quae
1066 1642 1166 1705 post
1202 1661 1397 1708 pugnam

109 1712 341 1772 accidere,
374 1713 555 1771 levior,
593 1713 698 1777 quia
729 1714 785 1760 ab
819 1714 945 1761 hoste
978 1715 1185 1763 ceffa'tum
1219 1717 1306 1774 est;
1340 1719 1398 1767 fic

111 1788 253 1851 strage
282 1786 503 1834 exercitus
536 1788 723 1851 gravior
759 1786 1034 1852 foediorque.
1068 1788 1174 1853 fuga
1204 1809 1397 1855 namque

111 1860 167 1907 ad
185 1859 347 1906 Alliam
379 1860 491 1907 ficut
507 1860 663 1906 urbem
691 1860 920 1923 prodidit,
945 1860 1005 1908 ita
1036 1862 1284 1909 exercitum
1307 1863 1396 1909 ser·-

112 1932 276 1981 vavit:
302 1933 358 1980 ad
387 1934 564 1979 Cannas
584 1932 826 1996 fugientem
857 1933 1088 1982 consulem
1114 1935 1195 1985 vix
1227 1936 1399 1999 septua-

113 2005 235 2070 ginta
271 2004 407 2053 secuti
444 2005 576 2052 sunt:
608 2006 788 2053 alterius
822 2006 1058 2055 morientis
1095 2025 1240 2071 prope
1275 2022 1399 2056 totus
1456 2043 1460 2045 Α

112 2077 337 2125 exercitus
371 2077 468 2125 fuit.
502 2078 622 2125 Binis
656 2078 702 2124 in
731 2078 880 2126 castris
918 2096 1021 2126 cum
1052 2080 1296 2128 multitudo
1330 2080 1400 2129 se-

111 2150 308 2198 miermis
342 2150 432 2197 fine
453 2151 640 2198 ducibus
667 2152 800 2210 effet,
830 2152 1065 2211 nuntium,
1087 2154 1166 2217 qui
1188 2154 1233 2200 in
1255 2155 1401 2217 maj&

112 2224 234 2272 ribus
262 2238 415 2283 erant,
433 2224 617 2272 mittunt
639 2244 649 2272 z
680 2230 780 2273 dum
802 2230 978 2287 proel1'0,
1001 2231 1146 2273 deinde
1171 2244 1224 2274 ex
1252 2231 1398 2276 laecicc'a

111 2300 241 2359 epulis
259 2298 476 2359 fatigatos
507 2301 619 2359 quies
645 2297 843 2345 nofluma
871 2300 998 2365 hostes
1021 2319 1240 2361 premeret,
1266 2318 1311 2348 ut
1340 2305 1400 2349 ad

99 2373 151 2433 fi
170 2372 388 2436 transtrent
401 2389 418 2417 s
437 2391 521 2417 uno
539 2375 705 2434 agmine
727 2373 954 2437 Canusium
971 2376 1155 2420 abituros
1175 2373 1258 2438 (βξ.
1287 2378 1398 2422 Eam

113 2444 373 2491 sententiam
395 2444 469 2490 alii
491 2456 634 2493 totam
660 2445 885 2510 aspernari
906 2464 916 2493 :
955 2451 1037 2495 Cur
1055 2452 1163 2494 enim
1185 2452 1302 2506 illos,
1327 2451 1396 2509 qui

184 2520 232 2565 T.
267 2522 358 2566 Lir.
398 2523 495 2565 Vol.
524 2522 604 2565 IV,
1108 2522 1143 2565 F..
