1628 2890
291 313 491 370 TITI
545 313 788 370 LlVII
839 311 1319 369 PATAVINI

168 489 1453 581 HISTORIARUM

398 716 496 763 AB
549 714 760 762 URBE
817 713 1220 761 CONDITA

459 863 804 919 LIBER
877 862 1161 919 XXII.

164 1011 1454 1024 -ss—--Q———ssu———u

559 1139 603 1194 E
638 1140 679 1195 P
714 1140 738 1194 Ι
772 1138 905 1195 ΤΟ
943 1141 1004 1194 Μ
1039 1140 1083 1194 Ε

322 1259 527 1302 LIBRI
578 1260 932 1302 VICESIMI
980 1260 1318 1302 SECUNDI.

172 1375 393 1422 Hannibal,
409 1388 477 1426 per
496 1375 696 1414 continuas
717 1374 864 1425 vigilias
881 1375 921 1413 in
943 1374 1149 1425 paludibus
1168 1377 1282 1417 oculo
1299 1378 1456 1429 amiffo,

223 1439 329 1480 venit
357 1440 398 1477 in
425 1438 635 1477 Etruriam:
661 1450 729 1487 per
753 1450 845 1487 quas
874 1437 1034 1488 paludes
1056 1439 1258 1488 quatriduo
1283 1443 1318 1480 ἃ
1337 1442 1458 1481 tribus

224 1501 403 1541 noctibus
424 1499 501 1538 fine
522 1498 599 1538 ulla
624 1501 757 1549 requie
778 1500 849 1537 iter
870 1500 972 1539 fecit.
1005 1501 1046 1539 C.
1066 1500 1279 1541 Flaminius
1299 1502 1460 1554 consul,

224 1565 344 1604 homo
366 1562 608 1609 temerarius,
626 1570 759 1600 contra
781 1561 947 1612 auspicia
970 1563 1187 1612 profectus,
1212 1564 1325 1615 lignis
1352 1566 1462 1605 mili-

225 1626 370 1666 taribus
387 1624 546 1672 effollis‚
563 1637 644 1674 quae
662 1622 745 1661 tolli
766 1636 844 1662 non
861 1631 1059 1673 poterant,
1081 1625 1116 1663 Sc
1134 1625 1181 1664 ab
1203 1638 1324 1675 equ0‚
1343 1642 1460 1678 quem

227 1686 526 1733 conscenderat,
547 1697 618 1735 per
635 1692 749 1734 caput
770 1682 972 1723 devolutus
986 1714 995 1730 ,
1011 1684 1151 1723 infidiis
1171 1684 1218 1724 ab
1244 1687 1464 1729 Hannibale

225 1750 531 1794 circumventus,
556 1747 605 1787 ad
627 1747 889 1787 Trasimenum
914 1745 1041 1785 lacum
1069 1759 1157 1786 cum
1187 1749 1357 1794 exercitu
1384 1763 1464 1790 cae-

228 1811 288 1850 sus
314 1810 375 1849 est.
414 1810 489 1849 Sex
515 1808 661 1855 millia,
688 1820 769 1858 quae
794 1816 1024 1858 eruperant,
1053 1808 1128 1848 fide
1157 1809 1204 1847 ab
1235 1809 1463 1853 Maharbale

230 1874 340 1918 data,
366 1872 526 1922 perfidia
557 1872 784 1912 Hannibalis
809 1873 937 1910 vincta
963 1871 1060 1911 sunt.
1088 1872 1187 1912 Cum
1209 1874 1256 1913 ad
1281 1876 1462 1916 nuntium

230 1935 350 1974 cladis
371 1934 518 1974 Romae
540 1933 665 1973 luctus
695 1932 807 1979 esset,
830 1933 913 1972 duae
931 1940 1092 1981 matres,
1117 1946 1165 1972 ex
1186 1934 1376 1985 insperato
1402 1949 1464 1975 re-

234 1999 354 2048 ceptis
379 1997 491 2045 filiis,
519 1997 658 2048 gaudio
689 2004 864 2035 mortuae
891 1994 986 2034 sunt.
1018 1995 1080 2035 Ob
1110 1995 1213 2035 hanc
1240 1997 1388 2036 cladem
1417 2012 1464 2038 ex

229 2059 427 2111 Sibyllinis
454 2059 562 2098 libris
582 2071 647 2097 ver
671 2057 819 2096 sacrum
844 2068 989 2096 votum.
1021 2058 1119 2097 Cum
1146 2058 1285 2098 deinde
1314 2062 1361 2110 Q.
1390 2061 1466 2100 Fa-

232 2122 318 2161 bius
345 2123 550 2163 Maximus
585 2123 773 2168 dictator,
805 2121 981 2160 adversus
1013 2122 1271 2162 Hannibalem
1310 2126 1464 2173 missus,

231 2184 354 2224 nollet
381 2185 461 2224 acie
493 2197 581 2224 cum
617 2197 663 2223 eo
694 2183 924 2234 confligere,
956 2197 1027 2231 ne,
1053 2194 1185 2225 contra
1218 2186 1387 2226 ferocem
1409 2185 1467 2227 to't

231 2247 399 2287 victoriis
417 2245 589 2293 hostem,
607 2247 780 2286 territum
806 2246 967 2285 adversis
983 2246 1128 2297 proeliis
1146 2249 1306 2287 militem
1326 2264 1465 2301 pugnae

232 2311 517 2361 committeret,
552 2313 612 2360 δι,
637 2312 872 2365 opponendo
910 2311 947 2350 se
975 2314 1270 2362 tantummodo,
1304 2324 1465 2353 conatus

233 2373 464 2414 Hannibalis
495 2374 725 2425 impediret:
752 2375 808 2415 M.
837 2375 1035 2415 Minucius
1063 2376 1239 2426 magister
1264 2378 1467 2426 equitum,

232 2434 343 2472 ferox
382 2436 417 2474 Sc
452 2436 700 2484 temerarius,
738 2436 980 2476 criminando
1022 2436 1249 2476 dictatorem
1284 2445 1464 2486 tanquam

250 2502 299 2546 T.
332 2504 425 2547 Liv.
463 2505 562 2548 Vol.
591 2505 672 2548 IV.
1178 2505 1212 2547 Α
