1628 2890
277 104 831 154 HISTORIARUM
867 106 987 152 LIB.
1022 106 1239 153 XXVII..
1307 115 1403 168 423⁴

115 210 238 258 enim
265 210 493 276 sexaginta
517 211 644 257 annis
668 208 794 274 erat)
822 227 965 273 neque
988 227 1073 274 pro
1103 210 1269 258 veteris
1292 228 1407 273 pru-

116 284 269 331 dentia
302 285 452 343 duciS,
482 297 569 331 tam
599 284 858 346 improvide
889 283 958 343 se,
987 284 1325 348 collegamque,
1352 286 1404 332 δε

115 374 261 421 prope
278 370 420 406 totam
433 358 753 422 rempublicam
767 393 780 416 ,
797 357 843 404 in
862 375 1060 421 praeceps
1073 359 1265 405 dederat.
1283 359 1405 405 Mul-

114 441 188 475 tos
216 429 331 477 circa
362 448 497 477 unam
531 447 626 476 rem
659 429 850 477 ambitus
881 429 1094 490 fecerim,
1121 432 1181 490 si,
1215 449 1315 495 quae
1347 431 1407 478 de

116 503 322 549 Marcelli
362 516 511 550 morte
548 502 726 550 variant
759 503 990 562 aridiores,
1031 505 1183 551 omnia
1221 504 1405 567 exsequi

118 574 270 623 velim.
310 578 371 623 Ut
403 575 610 623 omittam
640 575 783 634 aliOS,
806 579 856 623 L.
883 576 1060 623 Coelius
1091 575 1312 639 triplicem
1337 577 1402 623 rei

117 646 247 710 gestae
276 647 483 694 ord-inem
507 649 598 695 edit
621 664 637 691 :1
651 665 784 694 unam
815 649 1022 695 traditam
1053 648 1403 704 famagaliterarn

117 718 327 781 scriptam
365 719 620 766 laudatione
640 718 749 776 filii,
769 719 847 783 qui
876 720 940 766 rei
958 720 1088 783 gestae
1118 719 1402 775 interfuerim

118 791 326 849 tertiam,
355 809 488 856 quam
512 791 604 856 ipse
628 809 714 855 pro
748 791 953 856 inquisita
979 812 1030 841 ac
1061 794 1141 840 fibi
1170 806 1404 856 comperta

117 864 258 913 affert.
296 867 510 913 Ceterum
535 866 597 914 ita
622 867 738 913 fama
757 867 930 925 variat,
951 880 1001 914 ut
1026 881 1176 914 tamen
1196 868 1403 930 plerique

117 936 213 984 loci
239 938 496 1000 speculandi
527 937 655 986 causa
686 938 834 985 castris
854 939 1093 1003 cgreffiimg
1115 955 1274 986 omne5
1296 939 1404 985 infi-

117 1010 203 1057 diis
229 1012 594 1060 circumventum
619 1014 808 1061 tradant.

182 1086 395 1132 XXVIII.
424 1087 679 1145 Hannibal,
707 1105 914 1151 magnum
936 1100 1155 1154 terrorem
1174 1087 1403 1146 hostibus,

118 1171 265 1206 morte
297 1160 494 1209 consulis
526 1161 686 1219 unius,
719 1162 907 1209 vulnere
938 1163 1151 1219 alterius,
1190 1162 1404 1224 injeffixm

117 1230 204 1277 effe
235 1244 385 1290 ratus,
420 1250 475 1280 ne
505 1233 579 1280 cui
607 1233 770 1280 deesset
799 1233 1058 1291 occasioni,
1085 1233 1223 1280 castra
1252 1232 1300 1279 in
1332 1246 1403 1280 ru-

117 1303 323 1362 mulum,
351 1304 398 1351 in
433 1323 527 1370 quo
559 1318 804 1370 pugnatum
840 1319 959 1362 erat,
993 1306 1224 1368 extemplo
1256 1319 1403 1353 trans-

93 1377 220 1433 sert.
256 1379 317 1426 ibi
344 1380 583 1439 inventum
603 1380 808 1439 Marcelli
836 1396 1002 1442 corpus
1032 1379 1199 1443 sepelit.
1229 1379 1403 1442 Crispi-

120 1468 231 1508 nus,
257 1453 306 1498 ὅ(
326 1463 473 1499 morte
500 1454 688 1517 collegae
703 1490 718 1512 ‚
738 1455 788 1500 ὃς
809 1452 891 1499 suo
911 1452 1098 1500 vulnere
1122 1453 1326 1510 territus,
1345 1452 1405 1498 fi-

117 1523 264 1573 lentio
288 1524 560 1589 insequentis
582 1526 728 1575 nostis
755 1525 980 1589 profeffiis
994 1561 1007 1584 ,
1027 1541 1142 1589 quos
1163 1525 1403 1588 proximos

118 1598 272 1644 melus
307 1597 369 1644 est
397 1610 603 1656 montes,
634 1597 682 1643 in
712 1597 765 1644 iis
796 1597 904 1644 loco
933 1597 1025 1643 alto
1055 1599 1105 1643 &
1137 1594 1237 1642 tu'to
1266 1595 1404 1641 undi-

117 1686 206 1732 que
226 1670 361 1718 castra
384 1671 548 1733 posuit.
570 1671 634 1718 lbi
655 1671 746 1718 duo
769 1671 902 1719 duces
921 1670 1134 1734 sagaciter
1147 1669 1262 1717 moti
1281 1669 1405 1728 sunt,

119 1744 230 1791 alter
262 1745 317 1791 ad
345 1744 651 1805 inferendam,
683 1745 794 1792 alter
823 1746 877 1792 ad
911 1745 1155 1793 cavendam
1186 1744 1404 1792 fraudem.

120 1818 304 1864 Annulo
324 1819 528 1866 Marcelli
556 1819 685 1866 simul
714 1835 815 1866 cum
845 1835 1042 1881 corpore
1067 1818 1293 1869 Hannibal
1316 1835 1406 1880 po-

120 1890 227 1938 titus
264 1902 369 1938 erat.
405 1890 501 1952 ejus
532 1891 641 1955 figni
669 1907 822 1937 errore
853 1908 909 1937 ne
941 1890 1014 1938 cui
1041 1890 1173 1938 dolus
1203 1891 1404 1938 neelere—

119 1973 195 2009 tur
225 1980 249 2009 a
279 1965 428 2011 Poeno
450 2000 464 2022 ,
501 1977 704 2012 metuens
739 1963 970 2026 Crispinus
989 2000 1003 2022 ,
1041 1963 1160 2010 circa
1198 1963 1414 2009 civitate&

118 2035 351 2096 proxima-s
378 2035 554 2083 miserat
582 2038 790 2084 nuntios:
822 2035 1021 2084 occisum
1048 2035 1267 2100 collegam
1288 2036 1409 2093 effe,

120 2108 380 2170 annuloque
410 2107 512 2169 ejus.
532 2108 704 2154 hostem
734 2108 961 2170 potitum:
992 2124 1048 2154 ne
1076 2108 1240 2171 quibus
1266 2108 1405 2154 literis

121 2181 354 2226 crederent
381 2181 565 2227 nomine
587 2181 790 2228 Marcelli
822 2181 1097 2244 compositis.
1131 2181 1272 2229 Paulo
1301 2194 1404 2228 ante

119 2252 195 2300 hic
225 2253 407 2301 nuntius
439 2254 637 2302 consulis
668 2254 886 2317 Salapiam
917 2266 1141 2313 venerat,
1165 2272 1266 2301 cum
1301 2254 1404 2300 lite—-

120 2341 182 2370 rae
203 2325 257 2371 ab
273 2326 524 2374 Hannibale
539 2327 682 2373 allatae
701 2326 825 2385 sunt,
844 2327 1050 2374 Marcelli
1069 2327 1255 2376 nomine
1278 2345 1404 2375 com-

120 2397 276 2463 posuae
294 2417 306 2448 :
327 2403 380 2463 se.
409 2401 548 2462 ηοὲἶε,
579 2419 669 2464 quae
691 2405 798 2449 diem
829 2405 953 2449 illum
968 2404 1164 2463 secutura
1182 2400 1298 2466 effla,
1316 2407 1408 2448 ὂψ»

996 2473 1088 2522 Βά.
1118 2492 1150 2533 4
