1628 2890
295 132 848 183 HISTORIARUM
895 131 1258 180 L113;XXV1.
1330 135 1420 198 369

137 245 191 292 &
219 242 299 291 fibi
333 241 498 290 acvsuis
535 240 688 289 onmia
722 239 1004 304 superessent.
1041 241 1239 289 Militum
1264 241 1424 289 deinde

137 315 357 365 virtutem
386 312 695 372 collaudavit,
729 312 855 375 quod
884 329 963 360 eos
994 329 1088 359 non
1123 314 1304 376 eruptio
1337 314 1425 360 ho-

138 385 303 442 stium,
340 401 435 431 non
475 385 666 432 altitudo
705 384 927 431 moenium
951 420 964 443 ‚
1003 401 1099 432 non
1144 385 1426 448 inexplorata

138 457 281 520 stagni
304 457 421 504 vada
436 492 452 514 ,
498 473 594 503 non
622 455 848 502 castellum
873 456 919 502 in
947 457 1039 504 alto
1059 457 1238 504 tumulo
1270 458 1428 518 situm,

135 544 240 577 ‘non
272 528 560 576 munitiffima
588 530 667 575 ari<
691 528 998 587 deterruisset,
1024 546 1117 593 quo
1135 530 1285 578 minus
1309 543 1432 579 tran-

142 602 403 651 scenderent
425 602 577 650 omnia
604 614 1051 666 perrumperentque.
1088 605 1264 667 ltaque,
1288 622 1431 669 quan-

144 691 280 737 quam
310 673 519 721 omnibus
542 672 694 719 omnia
729 673 938 731 deberet,
970 674 1246 739 praecipuum
1280 695 1435 725 mura·-

144 748 202 796 lis
224 765 410 795 coronae
439 748 574 794 decus
593 744 688 808 ejus
717 746 831 804 effe,
860 747 938 810 qui
959 748 1127 810 primus
1154 767 1332 797 murum
1358 753 1433 800 ad-

148 820 392 868 scendiffet.
429 817 742 883 profiteretur,
768 819 845 881 qui
873 819 915 865 se
946 820 1131 884 dignum
1163 839 1221 869 eo
1252 823 1435 872 duceret

147 894 293 939 dono,
335 893 447 939 Duo
479 891 658 954 profeffi
687 891 812 938 sunt:
847 893 908 952 Q.
936 893 1189 942 Trebellius
1226 899 1435 947 centurio

147 964 340 1029 legionis
375 977 576 1028 quartae,
613 966 663 1011 &
693 964 793 1010 Sex.
827 964 1029 1027 Digitius
1064 965 1211 1013 socius
1246 970 1436 1019 navalis.

150 1053 237 1084 nec
267 1036 347 1099 ipsi
379 1053 469 1083 tam
505 1036 622 1085 inter
647 1035 689 1083 se
713 1036 872 1083 acriter
905 1039 1272 1098 contendebant,
1302 1059 1437 1105 quam

151 1108 292 1154 studia
315 1109 623 1156 excitaverant
650 1124 840 1171 uterque
867 1109 931 1155 sui
953 1114 1160 1173 corporis
1181 1114 1436 1167 hominum.

151 1179 298 1227 Sociis
329 1180 384 1226 C.
414 1179 574 1226 Laelius
603 1180 833 1242 praefectus
867 1182 1036 1240 claffis3
1076 1185 1333 1250 legionariis
1370 1194 1439 1242 M.

152 1253 444 1316 Sempronius
477 1253 729 1301 Tuditanus
763 1255 926 1302 aderat.
964 1259 1028 1305 Ea
1063 1263 1301 1311 contentio
1333 1283 1438 1317 cum

154 1344 300 1392 prope
338 1326 604 1374 seditionem
643 1329 849 1386 veniret,
885 1329 1038 1393 Scipio
1074 1344 1162 1381 tres
1197 1352 1440 1402 recupera-

153 1412 278 1447 tores
308 1417 411 1447 cum
442 1400 483 1447 se
514 1401 718 1447 daturum
749 1404 1097 1465 pronuntiasset,
1125 1408 1230 1471 qui,
1258 1416 1440 1477 cognita

155 1473 283 1522 causa
327 1473 593 1536 testibusque
633 1473 820 1534 auditis,
858 1474 1135 1539 judicarent,
1170 1494 1270 1531 uter
1313 1489 1441 1550 prior

157 1545 206 1593 in
239 1545 460 1608 oppidum
491 1545 849 1604 transcendiffet3
883 1550 937 1598 C.
967 1551 1109 1599 Laelio
1141 1556 1190 1602 &
1223 1558 1286 1603 M.
1313 1561 1442 1609 Sem..

158 1619 328 1684 pronio
366 1618 599 1666 advocatis
634 1619 771 1681 partis
815 1621 1044 1686 utriusque
1087 1625 1134 1674 Ρ.
1170 1628 1441 1683 Cornelium

159 1690 414 1740 Caudinum
446 1690 501 1736 de
530 1690 681 1737 medio
709 1691 897 1754 adjecit3
935 1694 1100 1758 eosque
1137 1709 1223 1746 tres
1259 1718 1444 1769 recupe-

160 1777 335 1813 ratores
379 1762 643 1821 confidere,
685 1766 736 1812 &
778 1764 950 1812 causam
1000 1770 1272 1833 cognoscere
1309 1776 1445 1839 juffit,

163 1840 287 1887 Cum
308 1854 378 1884 res
401 1854 457 1883 eo
475 1836 645 1898 majore
671 1850 874 1902 ageretur
893 1843 1157 1903 certamine,
1175 1850 1300 1909 quod
1319 1868 1447 1902 amo-

162 1912 200 1960 ti
231 1922 364 1958 tantae
393 1910 617 1974 dignitatis
655 1927 750 1957 non
783 1927 873 1958 tam
904 1913 1142 1975 advocati,
1173 1936 1306 1982 quam
1344 1942 1447 1974 mo-

164 1986 392 2033 deratores
441 1983 686 2030 studiorum
730 1983 933 2041 fuerant3
969 1987 1024 2034 C.
1063 1989 1251 2051 Laelius,
1289 1998 1447 2048 relisto

166 2056 388 2113 consilio,
417 2056 471 2101 ad
503 2055 696 2102 tribunal
726 2057 780 2102 ad
817 2056 1076 2119 Scipionem
1105 2063 1297 2123 accedit,
1320 2084 1450 2119 cum..

168 2145 259 2192 que
288 2127 444 2185 docet,
465 2147 544 2173 rem
558 2127 654 2192 stne
678 2133 801 2175 modo
823 2149 872 2175 ac
902 2133 1096 2197 modssia
1119 2138 1192 2195 agi
1209 2155 1224 2181 .·
1254 2158 1302 2183 ac
1322 2161 1449 2206 prope

168 2202 274 2268 effe,
306 2218 353 2248 ut
387 2220 537 2247 manus
573 2205 679 2248 incer
700 2204 751 2264 fi
784 2205 1010 2264 conferant.
1048 2208 1256 2267 Ceterum,
1293 2217 1457 2283 etiamsi

170 2279 237 2324 *vis
275 2274 405 2339 absit,
437 2278 714 2323 nihilominus
750 2280 970 2343 detestabili
1011 2288 1194 2344 exemplo
1228 2306 1308 2334 rem
1346 2296 1419 2351 agri
1432 2313 1453 2349 ‚-

171 2351 317 2409 quippe
353 2351 424 2393 ubi
445 2348 604 2407 fraude
640 2368 690 2395 ac
715 2351 898 2411 perjurio
932 2356 1052 2399 decus
1077 2373 1246 2415 petatur
1274 2364 1450 2413 virmtis.

172 2425 293 2467 Stare
311 2423 405 2467 hinc
424 2425 675 2485 legionarios
693 2426 867 2485 milites,
886 2428 982 2473 hinc
1004 2428 1184 2490 clafficos
1195 2465 1210 2487 ,
1222 2451 1297 2491 per
1313 2454 1454 2484 omnes

241 2493 290 2540 T.
316 2495 432 2540 Livii
466 2498 564 2541 Vol.
588 2497 671 2543 IV.
1127 2502 1202 2547 Aa
