1628 2890
239 158 783 210 HISTORIARUM
817 155 943 203 LIB.
980 155 1200 202 XXVII.
1267 167 1357 217 445

81 280 146 316 tes
170 268 289 315 enim
314 280 441 332 tergo
463 267 762 314 inhaerebant:
795 267 843 313 in
867 265 1115 313 transversa
1135 265 1271 312 latera
1293 265 1363 312 in-

82 342 290 389 vaserant
320 343 562 399 cohortes,
600 341 800 388 secundis
836 341 1027 386 collibus
1061 340 1136 386 via
1166 339 1284 385 nuda
1313 354 1363 385 ac

82 414 202 461 facili
237 413 537 460 decurrentes.
575 425 723 459 tamen
753 411 884 475 supra
908 413 1012 459 ouo
1041 411 1180 458 millia
1210 411 1366 457 homi-

82 503 190 533 num
221 485 399 533 occisa:
434 485 563 548 supra
591 484 893 549 septingentos
915 485 1062 547 capti:
1092 483 1213 548 signa
1243 483 1365 530 mili-
1424 490 1427 492 ’

51 548 56 553 ’
83 559 195 606 tatia
215 575 385 606 novem
407 560 605 606 ademta:
627 559 851 622 elephanti
869 558 1026 616 etiam,
1042 558 1366 622 quorum‘nul-

83 631 154 678 lus
177 631 279 677 usus
310 631 356 677 in
381 632 614 694 repentina
642 649 692 678 ac
717 631 1010 677 tumultuat-ia
1028 645 1178 694 pugna
1196 629 1365 690 fuerat,

85 714 283 765 quatuor
311 702 477 761 occisi,
513 704 604 748 duo
635 703 768 765 capti.
801 703 937 749 Circa
965 701 1237 765 quingentos
1264 702 1366 747 Ro-

85 792 324 821 manorum
351 775 671 838 sociorumque
692 775 888 822 vi&0res
911 773 1183 822 ceciderunt.
1213 774 1366 837 poste-

86 863 141 894 ro
173 847 243 893 die
267 850 431 895 Poenus
457 848 645 911 quievit.
684 848 944 906 Romanus,
978 846 1024 893 in
1052 842 1368 910 acienscopiis

86 923 256 969 eduffis
270 958 283 978 ,
308 922 543 986 postquam
562 920 784 968 neminem
804 921 922 984 figna
943 932 1099 968 contra
1124 920 1279 967 efferre
1299 921 1368 968 vi·

88 996 182 1051 dit,
209 995 350 1059 spolia
371 995 457 1059 legi
482 995 698 1043 eaesorum
719 993 938 1049 hostium,
974 994 1024 1041 &
1053 993 1232 1041 suorum
1259 1011 1366 1041 cor-

88 1084 201 1130 pora
231 1067 393 1116 collata
415 1067 460 1112 in
479 1083 620 1113 unum
648 1065 819 1128 sepeliri
837 1063 969 1127 juffit.
993 1064 1096 1111 inde
1127 1064 1367 1130 insequen-

89 1141 208 1188 tibus
231 1141 460 1188 continuis
479 1140 635 1187 diebus
663 1139 836 1202 aliquot
864 1137 924 1184 ita
948 1136 1106 1184 institit
1124 1138 1292 1201 portis,
1317 1151 1368 1185 ut

87 1224 234 1279 prope
262 1215 426 1262 inferre
445 1215 565 1279 figna
590 1215 842 1261 videretur:
862 1213 1009 1260 donec
1028 1214 1254 1260 Hannibal
1276 1227 1369 1260 ter·-

89 1288 151 1334 tia
186 1287 372 1352 vigilia,
407 1287 573 1334 crebris
609 1286 787 1350 ignibus
818 1285 1201 1349 tabernaculisque
1221 1322 1235 1344 ‚
1270 1303 1370 1350 quae

89 1377 190 1424 pars
213 1361 455 1408 castrorum
476 1362 530 1408 ad
546 1361 692 1408 hostes
711 1361 952 1425 vergebat,
967 1360 1238 1417 &Numidis
1259 1378 1372 1423 pau-

92 1435 184 1490 cis,
207 1435 286 1498 qui
306 1435 351 1480 in
382 1434 506 1482 vallo
528 1434 762 1498 portisque
783 1433 824 1480 se
847 1433 1160 1491 ostenderent,
1183 1434 1370 1493 remiis,

91 1505 322 1568 profefilus
336 1505 546 1568 Apuliam
565 1516 714 1567 petere
735 1503 937 1552 intendit.
967 1504 1058 1551 Ubi
1078 1503 1251 1563 illuxit,
1274 1503 1372 1551 suc-

95 1576 219 1622 ceffit
243 1577 367 1623 vallo
394 1578 599 1624 Romana
626 1577 755 1624 acies.
790 1578 840 1624 δέ
859 1576 1069 1622 Numidae
1100 1592 1155 1622 ex
1176 1592 1372 1639 compo-

95 1647 181 1693 fito
214 1649 434 1712 paulisper
467 1649 513 1695 in
551 1649 694 1712 portis
729 1649 772 1695 se
804 1648 1019 1712 valloque
1056 1649 1371 1697 ostentavere:

96 1721 377 1786 frustratique
400 1722 673 1786 aliquamdiu
701 1720 873 1781 hostes,
895 1720 1038 1768 citatis
1065 1722 1189 1785 equis
1217 1739 1374 1785 agmen

95 1795 280 1842 suorum
312 1796 606 1860 assequuntur.
636 1794 838 1855 Consul,
874 1795 952 1842 ubi
973 1795 1193 1841 silentium
1220 1796 1263 1841 in
1298 1813 1374 1842 ca-

97 1866 221 1922 stris,
246 1871 296 1915 &
314 1885 369 1915 ne
396 1884 561 1931 paucos
590 1868 769 1930 quidem
785 1903 798 1926 ‚
823 1867 903 1931 qui
931 1868 1072 1931 prima
1096 1868 1192 1914 luce
1217 1870 1374 1915 obam-

96 1939 390 1998 bulaverant,
420 1951 543 2003 parte
573 1940 663 1987 ulla
692 1940 924 1998 cernebat,
952 1941 1126 1987 duobus
1152 1940 1374 2003 equitibus

99 2011 409 2090 ipeeulatum
398 2030 444 2059 1n
466 2013 603 2060 castra
623 2013 877 2076 praemiffis,
903 2013 1140 2076 postquam
1162 2013 1191 2059 s
1191 2027 1260 2060 itis
1280 2026 1375 2062 tuta

100 2099 256 2130 omma
275 2085 358 2130 effe
378 2084 662 2147 exploratum
681 2085 771 2140 est,
793 2084 993 2131 infertis
969 2103 1087 2149 mgna
1111 2084 1241 2148 juffit.
1276 2099 1378 2133 tan—

100 2169 291 2219 tumque
322 2157 382 2204 ibi
408 2171 640 2217 moratus,
668 2159 771 2206 dum
795 2160 956 2206 milites
988 2159 1042 2205 ad
1073 2159 1264 2221 praedam
1288 2159 1376 2206 dis-

103 2241 316 2289 currunt,
348 2231 547 2294 receptui
579 2231 737 2278 deinde
766 2232 959 2287 cecinit,
1001 2232 1237 2294 multoque
1274 2244 1376 2277 ante

103 2300 282 2347 noilem
311 2302 462 2365 copias
479 2303 667 2349 reduxit.
697 2304 882 2350 Postero
903 2305 974 2350 die
993 2305 1135 2367 prima
1153 2305 1253 2351 luce
1272 2320 1377 2367 pro-

105 2372 272 2431 sefihis,
300 2377 469 2440 magnis
502 2375 735 2423 itineribus
766 2377 927 2424 famam
959 2379 1007 2425 &
1027 2378 1213 2441 vestigia
1238 2377 1379 2440 agmi-

109 2445 175 2492 nis
207 2445 418 2513 sequens,
447 2448 563 2497 haud
591 2449 757 2513 procul
776 2450 970 2507 Venusia
999 2450 1172 2497 hostem
1192 2448 1381 2513 assequi·-⁴
