1628 2890
254 192 806 239 HISTORIARUM
853 195 981 241 LIB.
1019 196 1208 243 XXIV.
1283 213 1372 262 ¹59

73 294 241 340 dentes.
273 297 335 341 Ea
356 312 464 342 cura
485 299 696 360 angebat,
718 301 843 362 quod
865 318 1012 365 neque
1035 320 1131 350 non
1159 307 1372 354 arcessere

52 366 128 412 ‘ad
147 366 368 412 auxilium
387 369 557 414 Poenos
578 369 678 416 satis
696 372 919 419 audebant
932 410 946 432 ‚
964 391 1020 421 ne
1039 376 1149 438 quid
1169 394 1264 424 non
1283 397 1370 441 pro

72 437 206 486 sociis
240 437 371 501 egiss'e
406 439 701 488 viderentur:
731 445 806 500 «Sc,
832 443 863 490 fi
894 447 1061 494 Poenus
1094 449 1241 497 rursus
1269 470 1370 499 ma-

72 513 140 575 gis
168 511 332 557 arbiter
363 513 514 574 pacis,
545 530 679 576 quam
710 514 894 575 adjutor
927 519 1059 573 belli,
1088 519 1237 569 fuiffet
1256 559 1269 581 ‚
1308 541 1367 570 ne

73 585 122 630 in
150 584 403 631 libertatem
426 586 678 643 Crotonis,
707 588 817 635 ficut
843 603 946 636 ante
965 593 1221 640 Locrorum
1238 631 1252 653 ,
1274 595 1374 642 fru-

74 657 161 704 stra
199 671 488 721 pugnaretur.
534 661 687 722 Itaque
723 662 954 723 optimum
995 665 1141 713 visum
1184 668 1277 726 est,
1315 671 1372 717 ad

71 731 368 778 Hannibalem
399 732 516 778 mitti
540 733 710 797 legatos
726 770 739 791 ‚
760 738 1006 800 caverique
1035 739 1091 785 ab
1114 757 1171 787 eo
1191 777 1204 799 ,
1227 759 1277 789 ut
1302 762 1372 791 re-

72 817 232 867 ceptus
257 806 405 851 Croto
426 806 709 853 Bruttiorum
731 808 849 855 esset.
879 810 1106 858 Hannibal
1127 831 1230 860 cum
1256 833 1368 877 prae-

72 878 264 924 sentium
291 896 387 925 eam
423 880 804 929 consultationem
843 883 928 930 effe
964 885 1284 948 respondisset,
1319 894 1371 940 &

71 949 129 996 ad
156 950 430 996 Hannonem
452 968 531 998 eos
553 951 795 1014 rejecissem
815 954 869 1001 ab
889 957 1117 1004 Hannone
1145 960 1258 1006 nihil
1274 979 1371 1010 cer-

71 1021 106 1068 ti
127 1022 338 1069 ablatum.
375 1025 473 1072 Nec
504 1026 623 1073 enim
657 1026 793 1090 diripi
820 1028 1045 1076 volebant
1079 1032 1282 1081 nobilem
1305 1049 1373 1082 at-

71 1110 160 1157 que
189 1095 450 1157 opulentam
473 1097 658 1144 urbem:
682 1099 733 1145 &
760 1098 1024 1161 sperabant,
1047 1119 1149 1150 cum
1169 1105 1370 1154 Bruttius

72 1181 360 1231 oppugnaret
377 1204 390 1227 ,
422 1171 590 1218 Poenos
616 1188 702 1219 nec
722 1174 913 1235 probare
932 1211 946 1230 ‚
972 1191 1057 1221 nec
1084 1175 1248 1237 juvare
1274 1196 1371 1226 eam

73 1241 466 1304 oppugnationem
501 1258 769 1306 appareret,
797 1262 855 1291 eo
884 1247 1103 1295 maturius
1138 1250 1194 1297 ad
1223 1250 1265 1297 se
1289 1252 1369 1298 de·-

73 1312 282 1360 secturos.
323 1316 530 1362 Crotone
567 1334 653 1364 nec
683 1318 921 1366 confilium
959 1338 1100 1368 unum
1131 1323 1247 1371 inter
1279 1342 1371 1388 po-

73 1386 251 1448 pulares
274 1422 288 1445 ‚
320 1404 405 1434 nec
441 1389 657 1438 voluntas
700 1403 808 1439 erat.
857 1409 973 1441 unus
1011 1394 1140 1441 velut
1181 1399 1372 1446 morbus

73 1459 301 1507 invaserat
327 1477 486 1507 omnes
506 1463 642 1510 Italiae
674 1464 900 1524 civitates,
925 1478 975 1512 ut
998 1467 1149 1529 plebes
1175 1470 1229 1515 ab
1250 1472 1374 1533 opti·

75 1531 268 1578 matibus
287 1532 585 1581 dissentirent:
606 1535 781 1583 senatus
794 1538 1014 1585 Romanis
1033 1538 1231 1600 faveret,
1244 1543 1371 1604 plebs

73 1604 132 1652 ad
150 1605 321 1652 Poenos
341 1623 435 1652 rem
459 1608 668 1655 traheret.
705 1611 815 1655 Eam
842 1610 1155 1659 diffenfionem
1181 1613 1228 1661 in
1258 1615 1373 1662 urbe

73 1675 260 1741 perfuga
293 1679 470 1725 nuntiat
498 1680 710 1737 Bruttiis;
738 1681 1099 1731 Aristomachum
1130 1685 1215 1733 effe
1240 1688 1373 1750 prin-

77 1752 228 1815 cipem
258 1752 402 1816 plebis
420 1790 434 1812 ‚
471 1755 788 1819 tradendaeque
813 1757 1042 1805 auctorem
1062 1760 1214 1808 urbis:
1247 1765 1298 1811 &
1321 1764 1371 1810 in

75 1825 198 1873 vasta
219 1825 331 1873 urbe
358 1826 533 1891 lateque
560 1829 774 1876 omnibus
805 1828 998 1892 disjectis
1021 1833 1280 1892 moenibus:
1302 1853 1370 1883 ra·

76 1916 147 1946 ras
176 1901 226 1947 &
256 1899 467 1948 stationes
499 1902 810 1967 custodiasque
836 1904 1094 1953 senatorum
1121 1908 1221 1954 effe.
1253 1925 1370 1971 qua-

77 1964 256 2036 cunque
283 1973 539 2020 custodiant
571 1975 712 2037 plebis
736 1977 970 2037 homines,
1002 1996 1053 2025 ea
1088 1992 1239 2042 patere
1269 1982 1369 2028 adi-

20 2086 22 2089 .
76 2056 188 2092 tum.
219 2047 411 2093 Auctore
435 2065 487 2096 ac
510 2049 624 2096 duce
644 2051 857 2115 perfuga,
878 2053 1042 2099 Bruttii
1068 2071 1243 2101 corona
1269 2056 1368 2103 cin-

77 2130 244 2165 xerunt
271 2119 458 2167 urbem:
493 2123 756 2187 acceptique
792 2142 817 2170 a
847 2124 978 2187 plebe
1011 2126 1160 2188 primo
1198 2128 1370 2192 impetu

76 2190 210 2237 locos
230 2207 414 2252 omnes,
448 2208 608 2257 praeter
638 2213 786 2243 arcem
805 2233 818 2254 ,
846 2213 1017 2259 cepere.
1055 2202 1220 2249 Arcem
1247 2203 1371 2265 opti-

77 2276 217 2311 mates
243 2266 456 2313 tenebant
473 2304 487 2325 ‚
517 2286 770 2333 praeparato
799 2269 888 2331 jam
914 2283 1017 2322 ante
1051 2274 1105 2319 ad
1134 2274 1268 2320 talem
1290 2290 1366 2322 ca-

77 2335 171 2384 sum
203 2338 424 2404 perfugio,
449 2343 621 2389 Eodem
641 2342 976 2391 Aristomachus
1002 2346 1230 2410 perfugit;
1262 2360 1365 2393 tan-

79 2426 213 2473 quam
232 2411 384 2459 Poenis
401 2448 417 2476 ,
446 2429 543 2463 non
562 2416 745 2464 Bruttiis
761 2450 777 2471 ‚
806 2416 960 2462 austor
987 2417 1112 2467 urbis
1140 2419 1367 2466 tradendae

80 2482 241 2532 fuiffet.
