1628 2890
230 108 323 172 388
580 105 1149 154 TtT'1L1V11

220 226 323 262 tum
342 212 538 259 inierunt
552 247 566 270 ‚
586 211 705 258 Italia
723 211 942 258 ambobus
960 212 1200 275 provincia
1220 211 1416 268 decreta;
1440 223 1513 259 ren*
1542 227 1545 230 ·

225 285 440 350 gionibus
459 295 608 330 tamen
625 285 838 347 partitum
868 285 1108 347 imperium
1126 303 1136 332 :
1171 286 1329 333 Fabius
1350 286 1405 331 ad
1422 286 1512 331 Ta-

228 369 434 415 rentum,
466 356 652 404 Fulvius
678 357 726 403 in
751 359 942 405 Lucanis
973 375 1024 405 ac
1049 357 1231 404 Bruttiis
1255 373 1348 404 rem
1383 373 1512 420 gere-

226 443 309 478 ret.
343 432 409 478 M.
430 430 624 477 Claudio
652 444 949 494 prorogatum
983 431 1029 477 in
1060 448 1227 477 annum
1258 429 1511 493 imperium.

227 505 450 551 Praetores
481 503 627 550 sortiti
659 505 948 566 provincias:
986 504 1038 551 C.
1065 503 1283 550 Hostilius
1301 503 1512 551 Tubulus

226 578 446 624 urbanam
464 612 478 634 ,
508 579 560 623 L.
578 577 792 623 Veturius
818 577 952 623 Philo
976 576 1255 640 peregrinam
1276 592 1378 622 cum
1397 574 1512 620 Gal-

226 649 313 706 iia,
342 650 399 695 T.
421 647 663 708 Quinffius
689 648 921 711 Crispinus
936 650 1138 710 Capuam
1153 682 1167 705 ,
1188 647 1243 693 C.
1268 649 1513 692 Auruncu-

226 721 340 784 lejus
360 720 621 769 Sardiniam.
656 721 889 769 Exercitus
914 722 975 768 ita
1001 737 1080 785 pter
1099 720 1362 783 provincias
1389 719 1513 765 divi-

227 796 274 842 si.
308 794 472 842 Fulvio
502 795 604 849 ,duae
630 795 830 858 legiones
848 831 862 853 ,
892 812 1000 858 quas
1027 796 1073 842 in
1099 794 1251 842 Sicilia
1284 793 1349 840 M.
1378 793 1514 839 Vale-

226 869 320 915 rius
337 868 551 915 Laevinus
581 868 792 924 haberet3
827 870 889 928 Q.
910 868 1076 926 fabio,
1112 867 1273 931 quibus
1307 867 1355 913 in
1374 868 1512 912 Etru-

227 942 296 989 ria
330 943 384 989 C.
417 941 691 1004 Calpurnius
725 940 999 1004 praefuisset,
1036 941 1237 988 decretae.
1278 941 1513 987 Exercitus

225 1016 424 1062 urbanus
455 1015 579 1073 utin
602 1015 826 1061 Etruriam
856 1013 1132 1061 succederet:
1166 1015 1220 1061 C.
1243 1014 1516 1076 Calpurnius

226 1090 374 1138 eidem
408 1089 608 1152 praeeffet
643 1089 896 1152 provinciae
934 1089 1273 1151 exercituique:
1310 1091 1515 1152 Capuam

229 1165 597 1228 exercitumque,
611 1181 746 1228 quem
759 1165 820 1224 Q.
835 1164 1019 1212 Fulvius
1040 1163 1279 1222 habuiffet,
1294 1166 1350 1210 T.
1365 1163 1515 1224 Quin-

226 1240 340 1286 &ius
353 1239 596 1286 obtineret.
629 1240 683 1286 C.
701 1238 916 1285 Hostilius
936 1237 992 1283 ab
1010 1238 1062 1283 C.
1081 1236 1282 1283 Laetorio
1309 1253 1516 1299 proprae-

226 1328 331 1361 tore
362 1313 649 1375 provinciam
678 1312 1013 1374 exercitumque
1030 1347 1043 1369 ,
1071 1310 1149 1375 qui
1179 1322 1273 1356 tum
1300 1309 1391 1373 jam
1410 1310 1516 1356 Ari-

228 1387 342 1434 mini
369 1399 491 1445 esat,
525 1387 760 1450 acciperet.
795 1388 859 1433 M.
892 1384 1140 1443 Marcello,
1165 1383 1329 1447 quibus
1357 1383 1515 1430 consul
1560 1434 1570 1439 ‚.

225 1461 343 1508 bene
374 1477 470 1506 rem
501 1460 709 1522 gesserat,
748 1459 950 1523 legiones
986 1458 1190 1504 decretae.
1230 1457 1293 1502 M.
1326 1456 1515 1502 Valerio

229 1551 333 1580 cum
368 1536 412 1579 L.
434 1532 600 1580 Cincio
633 1531 732 1596 (his
760 1547 946 1596 quoque
978 1530 1040 1577 est
1071 1530 1192 1576 enim
1218 1540 1515 1592 prorogatum

229 1604 278 1650 in
313 1604 465 1651 Sicilia
501 1602 771 1667 imperium)
811 1602 1058 1650 Cannensis
1096 1601 1320 1649 exercitus
1355 1602 1515 1647 datus:

227 1693 420 1738 eumque
450 1675 654 1739 supplere
690 1693 746 1722 ex
777 1676 1019 1734 militibus,
1057 1675 1135 1738 qui
1170 1692 1226 1721 ex
1257 1674 1514 1737 legionibus

226 1749 313 1795 Cn.
338 1750 484 1797 Fulvii
513 1750 805 1812 {ilpereffent,
830 1748 943 1810 juffi.
975 1748 1271 1811 Conquifitos
1297 1764 1376 1793 eos
1399 1764 1515 1793 con-

225 1821 339 1868 sules
356 1823 401 1867 in
423 1822 618 1868 Siciliam
640 1822 854 1868 miserunt
872 1840 882 1868 :
909 1822 1145 1884 additaque
1165 1822 1318 1867 eadem
1341 1821 1514 1868 militiae

225 1893 501 1957 ignominia,
535 1893 613 1940 sub
641 1910 729 1957 qua
754 1892 1009 1940 Cannenses
1036 1892 1314 1950 militabant,
1346 1893 1513 1956 quique

226 1984 284 2013 ex
316 1967 524 2029 praetoris
556 1968 644 2014 Cn.
673 1966 821 2014 Fulvii
855 1966 1088 2025 exercitu,
1122 1966 1184 2012 ob
1218 1965 1369 2012 fi-milis
1401 1965 1513 2012 iram

224 2040 371 2102 fugae,
403 2040 515 2086 miffi
547 2057 603 2087 eo
633 2040 689 2086 ab
715 2039 869 2087 senatu
902 2040 1089 2087 fuerant.
1120 2041 1174 2087 C.
1200 2037 1512 2099 Aurunculejo

224 2114 393 2160 eaedem
415 2115 461 2161 in
479 2115 679 2160 Sardinia
698 2114 925 2179 legiones,
948 2114 1111 2178 quibus
1126 2115 1172 2161 P.
1186 2112 1381 2158 Manlius
1396 2111 1513 2157 Vul-

223 2185 274 2231 so
294 2204 391 2232 earn
410 2188 700 2250 provinciam
717 2187 997 2243 obtinuerat,
1012 2185 1212 2233 decretae.
1229 2186 1275 2231 P.
1290 2183 1510 2245 Sulpicio,

225 2260 379 2305 eadem
414 2260 590 2324 legione
618 2261 860 2322 eademque
889 2260 1017 2306 class‘e
1044 2257 1363 2305 Macedoniam
1388 2254 1512 2299 obti-

223 2349 330 2377 nere
365 2331 480 2392 jusso
500 2369 513 2390 ,
544 2345 837 2395 prorogatum
865 2333 910 2378 in
941 2348 1109 2377 annum
1138 2328 1391 2391 imperium.
1428 2325 1511 2371 tri-

224 2405 348 2468 ginta
376 2406 722 2469 quinqueremes
748 2420 804 2450 ex
825 2405 976 2455 Sicilia
1002 2406 1251 2452 Tarentum
1279 2402 1334 2449 ad
1353 2401 1414 2461 Q.
1433 2401 1509 2454 Fa->
