1628 2890
210 126 300 189 356
572 122 1134 171 TITILIVII

208 228 298 286 set,
317 242 486 290 paucos
504 242 559 272 ex
584 224 735 272 multis
748 262 761 284 ‚
781 226 952 288 trepida
972 226 1078 290 fuga
1098 228 1343 275 incidentes
1362 227 1492 276 semi-
1549 273 1557 287 ⁴
1624 222 1628 260 ¹³

207 298 370 361 apertis
401 309 639 359 portarum
672 296 875 355 foribus,
904 297 951 343 in
977 299 1134 344 urbem
1164 299 1405 363 compulit,
1433 318 1490 347 ne

206 370 315 416 urbs
353 370 514 415 eodem
547 368 716 431 impetu
752 381 998 431 caperetur.
1034 371 1098 416 Ita
1125 382 1308 434 aequatae
1340 387 1410 418 res
1437 371 1493 417 ad

206 442 482 496 Tarentum3
524 440 742 487 Romanis
778 441 1028 488 vffiorihus
1062 453 1204 500 terra,
1236 443 1493 490 Tarentinis

206 514 332 561 mari.
352 514 567 561 frumenti
584 513 701 577 spes,
726 531 828 577 quae
849 514 896 561 in
915 515 1063 562 oculis
1084 515 1226 562 fuerat
1239 551 1252 575 ,
1272 516 1489 581 utrosque

208 588 413 635 frustrata
442 589 619 650 pariter.

270 662 369 707 XL.
397 661 480 707 Per
500 660 618 707 idem
647 672 821 724 tempus
842 662 1054 708 Laevinus
1080 660 1267 719 consul,
1285 661 1370 724 jam
1391 678 1490 708 ma-

207 748 292 796 gna
321 742 446 794 parte
477 731 582 777 anni
613 731 906 788 circumaffli,
930 732 976 778 in
1013 732 1232 789 Siciliam,
1262 733 1491 780 veteribus

205 806 431 869 novisque
463 804 595 853 sociis
616 805 913 868 exspessatus‚
936 823 1037 854 cum
1066 806 1275 865 venifl'et‚
1296 807 1492 869 primum

207 897 261 927 ac
288 878 564 942 potiffimum
594 878 801 925 omnium
821 891 940 925 ratus
954 915 968 936 ‚
987 878 1214 942 Syracusis
1239 895 1363 926 nova
1383 871 1492 942 pace

206 952 462 1000 inconditas
488 967 766 1014 componere
784 969 867 999 res.
891 953 1184 1016 Agrigentum
1208 952 1311 998 inde
1336 951 1494 1015 (quod

208 1025 317 1073 belli
343 1025 566 1086 reliquum
601 1036 693 1070 erat
709 1051 726 1082 ,-
753 1025 1072 1086 tenebaturque
1096 1041 1120 1070 a
1143 1024 1494 1087 Carthaginien-

208 1096 320 1143 fium
343 1096 495 1143 valido
516 1096 747 1158 praefidio)
774 1097 901 1142 duxit
921 1095 1133 1159 legiones.
1166 1097 1215 1142 &
1233 1094 1375 1141 adfuit
1395 1094 1494 1141 for-

207 1181 321 1216 tuna
339 1169 539 1231 incepto.
564 1169 730 1231 Hanno
757 1180 851 1215 erat
874 1169 1118 1230 imperator
1149 1168 1494 1231 Carthaginien-

209 1243 349 1302 fium,
370 1241 443 1290 sed
471 1259 653 1288 omnem
676 1243 723 1289 in
754 1242 931 1290 Mutine
957 1241 1250 1305 Numidisque
1271 1241 1391 1304 spem
1420 1258 1494 1289 re·

210 1315 401 1380 positam
426 1315 660 1362 habebant.
694 1317 779 1363 Per
812 1327 955 1362 totam
984 1314 1181 1362 Siciliam
1208 1331 1349 1378 vagus
1377 1330 1495 1376 prae-

211 1389 288 1435 des
316 1388 473 1452 agebat
492 1404 548 1434 ex
576 1387 706 1435 sociis
731 1390 1070 1434 Romanorum:
1098 1403 1241 1450 neque
1257 1387 1497 1435 intercludi
1558 1447 1567 1451 ‚.

211 1463 270 1510 ab
289 1464 538 1527 Agrigento
568 1463 618 1511 vi
642 1476 715 1510 aut
745 1475 838 1510 arte
868 1463 988 1521 ulla,
1013 1480 1119 1518 nec,
1149 1462 1259 1525 quin
1286 1479 1495 1527 erumpe-

209 1546 305 1592 ret,
325 1534 402 1582 ubi
429 1534 590 1592 vellet,
610 1535 841 1597 prohiberi
858 1548 1050 1597 poterat.
1083 1536 1192 1580 Haec
1212 1532 1304 1595 ejus
1326 1534 1495 1597 gloria,

211 1604 316 1668 quia
345 1603 432 1666 jam
459 1605 740 1668 imperatoris
761 1622 948 1670 quoque
977 1605 1106 1652 famae
1139 1605 1387 1663 officiebat,
1408 1622 1496 1668 po-

211 1678 380 1725 stremo
409 1679 455 1724 in
485 1678 701 1728 invidiam
729 1680 894 1734 vertit3
921 1690 971 1725 ut
1003 1695 1058 1724 ne
1084 1679 1197 1725 bene
1227 1678 1357 1742 gestae
1391 1678 1495 1743 qui·-

211 1751 316 1798 ‹iem
345 1768 414 1798 res
436 1750 524 1812 jam
555 1751 771 1799 Hannoni
798 1754 985 1814 prOpter
1005 1752 1229 1799 auftorem
1254 1751 1352 1799 satis
1381 1751 1495 1799 laetae

213 1823 365 1869 essent.
383 1836 572 1891 propter
592 1841 693 1887 quae
711 1824 939 1886 postremo
962 1823 1264 1885 praefefi'curam
1283 1822 1375 1884 ejus
1397 1822 1494 1871 filio

210 1895 294 1943 suo
318 1896 461 1954 dedit,
481 1892 598 1944 ra‘tus
616 1933 630 1956 ,
649 1915 750 1945 cum
772 1897 961 1960 imperio
982 1897 1289 1943 311&oritaterfl
1308 1913 1495 1960 quoque

213 1969 256 2015 ei
275 1968 390 2014 inter
413 1969 630 2016 Numidas
649 1981 920 2032 erepturum.
952 1970 1076 2033 quod
1094 1969 1227 2033 longe
1247 1969 1373 2016 aliter
1391 1986 1497 2017 eve-

212 2042 296 2090 nit.
324 2043 441 2088 Nam
464 2055 665 2090 veterem
689 2044 895 2091 favorem
914 2042 1007 2104 ejus
1033 2043 1107 2089 sua
1124 2043 1302 2106 insuper
1321 2043 1495 2091 invidia

217 2115 357 2162 auxit.
380 2132 524 2178 neque
550 2116 625 2163 ille
648 2116 958 2179 indignitatem
987 2115 1162 2177 injuriae
1191 2115 1318 2173 tulit,
1338 2114 1494 2162 confe-

215 2187 404 2250 stimque
420 2188 473 2233 ad
498 2188 732 2235 Laevinum
757 2188 965 2235 occultos
990 2187 1175 2234 nuntios
1193 2186 1309 2233 misit
1325 2187 1379 2233 de
1401 2198 1495 2233 tra-

216 2260 367 2304 dendo
394 2261 655 2323 Agrigento,
689 2263 771 2307 Per
789 2278 906 2325 quos
923 2275 972 2308 ut
989 2261 1050 2308 est
1078 2261 1187 2307 faeta
1211 2259 1346 2318 fides,
1365 2275 1495 2306 com-

218 2332 471 2395 positusque
505 2335 570 2380 rei
609 2336 812 2398 gerendae
850 2336 1035 2394 modus,
1070 2350 1247 2397 portam
1284 2334 1339 2380 ad
1371 2349 1493 2379 mare

214 2404 435 2471 ,ferentem
477 2407 687 2458 Numidae
726 2425 828 2459 cum
865 2407 1178 2473 occupassent,
1215 2405 1352 2472 pulsis
1388 2405 1492 2455 inde
