1628 2890
234 141 320 188 ιω
577 138 1141 200 TITILIVII

223 244 418 293 dibrium
433 280 447 303 ,
469 243 604 291 bonis
630 242 800 290 artibus
820 255 999 307 partum
1018 242 1335 308 firmatumque
1356 243 1512 293 interi-

222 332 290 366 ret
317 335 519 382 regnum.
537 317 655 364 Huic
673 316 867 364 confilio
889 315 982 378 ejus
1003 316 1172 364 summa
1192 335 1281 381 ope
1299 318 1511 381 obst-itere

220 391 352 448 filiae,
371 407 542 436 nomen
571 389 741 454 regium
768 406 906 452 penes
927 405 1118 453 puerum
1142 389 1347 438 futurum
1373 403 1480 438 ratae
1495 428 1512 449 ‚

222 464 424 527 regimen
468 479 618 510 rerum
651 462 859 510 omnium
891 479 1027 526 penes
1060 461 1102 509 se
1135 463 1345 528 virosque
1379 463 1514 523 suos,

224 536 605 583 Andranodorum
629 536 678 583 δέ
697 534 925 597 Zoippum
948 551 1075 582 :nam
1095 534 1128 580 ii
1149 546 1350 582 tutorum
1376 535 1512 598 primi

218 598 751 670 {elinquebantueron
782 607 914 655 facile
942 618 1036 653 erat
1064 608 1397 670 nonagesimum
1420 606 1512 669 jam

218 681 369 744 agenti
391 697 583 737 annum,
605 679 888 727 circumsesso
911 680 1003 727 dies
1021 679 1262 743 no&esqt1e
1281 679 1510 726 muliebri-

216 755 302 802 bus
322 753 579 810 blanditiis,
601 753 788 800 liberare
815 753 1013 801 animum
1029 790 1043 812 ‚
1077 755 1127 800 &
1154 766 1426 801 convertere
1454 753 1510 801 ad

219 828 448 890 publicam
471 826 650 889 privata
669 845 835 875 curam.
855 831 1198 887 Itaque‘tutores
1218 828 1362 875 modo
1379 828 1510 892 quin-

218 901 364 948 decim
383 916 526 963 puero
542 898 725 961 reliquit
744 917 754 944 :
776 914 891 960 quos
910 910 1113 961 precatus
1132 897 1193 944 est
1211 898 1409 945 moriens
1423 935 1438 956 ‚
1459 912 1510 946 ut

215 972 352 1019 fidem
378 989 481 1034 erga
511 970 734 1034 populum
769 971 1053 1025 Romanum,
1082 969 1403 1033 quinquaginta
1427 988 1509 1017 an-

216 1062 304 1092 nos
324 1045 380 1091 ab
405 1044 446 1090 se
472 1044 636 1090 cultam
653 1079 667 1101 ‚
697 1042 965 1091 inviolatam
986 1042 1216 1088 servarent
1232 1077 1246 1099 ‚
1267 1040 1506 1102 juvenem-

213 1135 305 1182 que
324 1117 409 1164 suis
429 1116 706 1180 potiffimum
733 1114 929 1178 vestigiis
950 1113 1143 1160 insistere
1162 1115 1356 1173 vellent,
1374 1115 1508 1162 disci-

214 1191 440 1255 plinaeque
456 1226 469 1247 9
493 1189 538 1235 in
559 1205 647 1251 qua
670 1189 854 1235 edoE'tus
875 1187 992 1234 effer.
1014 1189 1122 1235 Haec
1141 1189 1360 1236 mandata.
1387 1190 1507 1235 Cum

214 1262 470 1327 exspirasset
486 1298 498 1320 ,
519 1278 598 1324 per
617 1272 789 1306 tutores
815 1259 1079 1306 testamento
1106 1259 1506 1332 prolatoupuero-

214 1353 302 1401 que
332 1336 380 1382 in
412 1334 686 1388 concionem
714 1332 937 1395 producio
953 1367 967 1390 ,
991 1332 1117 1392 (erat
1136 1343 1283 1377 autem
1314 1330 1504 1394 quinde-

214 1411 305 1457 cim
335 1421 445 1455 tunc
463 1406 603 1453 ferme
621 1404 883 1469 annorum)
911 1403 1092 1467 paucis,
1115 1403 1194 1466 qui
1214 1403 1504 1466 perconcio-
1539 1458 1549 1461 a

213 1496 317 1526 nem
340 1479 396 1525 ad
414 1477 674 1525 excitandos
702 1476 922 1524 clamores
943 1475 1143 1539 dispositi
1162 1486 1312 1535 erant,
1332 1493 1503 1539 appro-

212 1553 424 1600 bantibus
443 1551 754 1598 testamentum
770 1586 785 1609 ‚
804 1550 962 1597 ceteris
981 1549 1107 1597 velut
1123 1549 1252 1612 patre
1275 1550 1432 1597 amiffo
1452 1550 1502 1597 in

214 1626 327 1673 orba
358 1625 542 1673 civitate
574 1625 728 1671 omnia
755 1624 1041 1682 timentibus,
1065 1623 1200 1669 funus
1220 1621 1269 1668 fit
1297 1624 1501 1686 regium,

212 1697 351 1759 magis
367 1713 521 1743 amore
541 1696 711 1743 civium
734 1698 783 1744 δέ
801 1697 981 1743 caritate
994 1732 1009 1755 ,
1024 1713 1159 1760 quam
1178 1712 1282 1742 cura
1299 1694 1500 1754 suorum,

210 1770 403 1817 celebre.
435 1768 617 1816 Deinde
648 1780 822 1815 ceteros
848 1781 1022 1815 tutores
1049 1767 1288 1816 submovet
1319 1769 1498 1815 Andra-

212 1843 417 1889 nodorus
434 1878 445 1896 ‚
466 1842 679 1904 juvenem
697 1841 786 1904 jam
805 1841 888 1888 effe
911 1841 1116 1889 diffitans
1135 1841 1471 1901 Hieronymum
1484 1879 1500 1902 ‚

211 1932 264 1963 ac
301 1915 426 1980 regni
459 1928 724 1978 potentem:
759 1914 1125 1977 deponendoque
1158 1913 1342 1960 tutelam
1375 1914 1498 1977 ipse,

209 2005 311 2052 quae
356 2005 458 2035 curn
495 1987 698 2050 pluribus
737 1987 993 2035 communis
1029 1998 1123 2034 erat
1140 2022 1156 2046 ,
1190 1987 1237 2033 in
1271 1986 1313 2034 se
1354 2005 1496 2035 unum

208 2061 415 2107 omnium
446 2061 564 2110 vires
592 2060 837 2108 convertit.

275 2137 333 2181 V.
365 2134 457 2180 Vix
483 2134 666 2197 quidem
688 2133 767 2180 ulli
799 2134 926 2181 bono
953 2133 1282 2196 moderatoque
1306 2132 1397 2196 regi
1426 2131 1494 2179 fa-

213 2204 312 2252 cilis
330 2219 422 2252 erat
449 2206 584 2252 favor
612 2207 730 2268 apud
754 2205 1058 2270 Syracusanos
1074 2241 1089 2264 ‚
1109 2205 1364 2253 succedenti
1393 2219 1494 2252 tan-

208 2290 266 2323 tae
294 2277 469 2323 caritati
500 2278 730 2324 Hieronis„
780 2294 940 2324 verum
980 2279 1216 2324 enimvero
1253 2278 1495 2343 Hierony-

205 2363 337 2404 mus,
366 2348 495 2395 velut
524 2349 607 2396 suis*
637 2349 761 2396 vitiis
785 2350 1115 2397 desiderabilem
1147 2351 1324 2397 efficere
1354 2351 1493 2398 vellet

206 2437 340 2469 avum
359 2457 371 2482 ,
391 2421 541 2484 primo
564 2421 708 2469 statIm
733 2420 971 2483 couspefihx
986 2457 1000 2476 ‚
1021 2421 1172 2469 omnia
1196 2439 1329 2485 quam
1351 2421 1494 2484 dispa-
