1628 2890
197 159 297 224 ⁴438
525 125 1139 203 ”T1T1Ltv11

201 283 308 312 vam
345 262 604 327 placandam
639 262 745 318 ess'e;
782 261 978 308 aedilium
1007 261 1232 309 curulium
1267 261 1410 308 Εάἱξὶο
1441 261 1489 309 in

194 336 484 399 Capitolium
515 345 811 389 convocatae,
847 334 1010 397 quibus
1035 334 1082 380 in
1110 335 1221 380 urbe
1250 336 1454 381 Romana
1473 369 1489 392 ‚

201 411 407 471 intraque
437 406 660 453 decimum
687 406 881 469 lapidem
909 406 964 453 ab
998 405 1133 463 urbe,
1159 404 1390 453 domicilia
1421 405 1491 451 es·-

202 481 321 539 sent‚
351 479 457 541 ipsae
487 479 605 525 inter
631 478 673 525 se
699 478 900 542 quinque
929 481 979 526 &
1005 479 1171 543 viginti
1203 479 1489 543 delegerunt,

201 555 256 601 ad
281 570 389 617 quas
415 570 472 598 ex
493 553 673 600 dotibus
700 551 858 614 stipem
880 552 1156 600 conferrent.
1185 551 1291 598 Inde
1315 551 1491 597 donum

200 626 350 690 pelvis
374 642 508 672 aurea
535 625 668 681 faeta,
690 624 866 687 lataque
894 625 942 671 in
961 625 1240 672 Aventinum
1255 660 1268 680 ‚
1289 639 1490 686 pureque

202 702 254 746 ἃ
274 698 387 745 caste
406 717 431 745 a
451 697 671 746 matronis
696 695 1003 743 sacrificatum.
1026 696 1279 743 Confestim
1300 697 1355 743 ad
1370 695 1491 742 aliud

202 769 473 818 sacrificium
505 769 650 816 eidem
678 768 818 817 Divae
839 769 893 815 ab
920 769 1186 818 decemviris
1212 770 1349 816 edi&a
1371 769 1493 827 dies,

202 843 333 906 cujus
362 845 480 892 ordo
515 844 616 891 talis
645 843 760 892 fuit:
786 844 840 892 ab
869 845 961 892 aede
989 844 1215 908 Apollinis
1240 845 1387 901 boves
1419 843 1491 890 fe-

203 918 339 964 minae
361 918 470 964 albae
495 917 592 964 duae
613 928 744 980 porta
768 917 1045 965 Carmentali
1072 918 1121 964 in
1150 917 1308 964 urbem
1337 917 1493 963 duem·

202 987 305 1052 post
331 1004 403 1035 eas
426 987 519 1034 duo
549 987 668 1051 figna
693 987 917 1051 cupreffea
948 989 1138 1036 Junonis
1162 989 1347 1053 Reginae
1377 1005 1490 1052 por-

203 1061 424 1107 tabantur.
457 1071 554 1107 tum
584 1060 749 1123 septem
775 1061 826 1106 &
855 1060 1017 1124 viginti
1045 1062 1277 1125 virgines,
1306 1062 1490 1124 longam

204 1135 374 1181 indutae
406 1134 604 1194 vestem,
637 1151 816 1182 carmen
841 1134 886 1181 in
910 1137 1132 1183 Junonem
1162 1135 1381 1198 Reginam
1414 1151 1490 1181 ca-

204 1221 362 1255 nentes
392 1208 539 1264 ibant3
569 1208 644 1254 illa
672 1208 929 1270 tempestate
956 1207 1142 1254 forsitan
1166 1206 1385 1254 laudabile
1416 1224 1491 1252 ru-

203 1283 337 1329 dibus
364 1282 580 1347 ingeniis,
607 1300 731 1330 nunc
754 1283 1005 1330 abhorrens
1037 1284 1087 1330 &
1117 1280 1428 1340 inconditum,
1459 1279 1490 1325 fi

203 1356 436 1404 referatur.
472 1356 716 1421 Virginum
750 1357 954 1405 ordinem
986 1356 1285 1421 sequebantur
1316 1354 1494 1400 decem-

204 1430 296 1477 viri
322 1430 533 1476 coronati
564 1430 740 1488 laurea,
762 1428 1117 1493 praetextatique.
1144 1429 1183 1474 A
1210 1438 1340 1490 porta
1358 1426 1494 1488 Juga-
1551 1432 1557 1435 '
1611 1435 1613 1440 ’

204 1504 278 1549 rio
300 1503 410 1550 vico
431 1503 477 1550 in
499 1503 650 1550 forum
670 1520 850 1550 venere.
883 1503 930 1549 in
949 1502 1056 1548 foro
1074 1517 1243 1565 pompa
1263 1497 1488 1551 constitit;

205 1577 283 1633 δε,
319 1593 398 1638 per
433 1593 590 1623 manus
626 1576 738 1623 reste
773 1576 900 1634 data,
929 1574 1128 1638 virgines
1165 1573 1325 1620 sonum
1359 1568 1491 1618 vocis

205 1650 337 1713 pulsu
378 1650 542 1713 pedum
581 1649 862 1697 modulantes
903 1648 1186 1696 incefferunt.
1231 1646 1335 1692 inde
1374 1644 1488 1691 vico

204 1723 359 1771 Tusco
379 1723 696 1786 Velabroque,
718 1739 798 1785 per
816 1720 1027 1768 Boarium
1046 1718 1197 1766 forum
1210 1753 1224 1776 ,
1242 1717 1289 1763 in
1316 1715 1488 1763 clivum

204 1798 458 1846 Publicium
479 1810 611 1861 atque
637 1798 777 1844 aedem
797 1794 984 1843 Iunonis
1012 1792 1197 1856 Reginae
1221 1790 1486 1853 perfeetum.

202 1870 267 1917 ibi
293 1872 392 1918 duae
412 1871 566 1917 hostiae
589 1871 644 1917 ab
665 1868 932 1916 decemviris
956 1865 1221 1924 immolatae,
1237 1866 1286 1912 &
1307 1862 1487 1910 simula-

202 1960 280 1991 cra
309 1944 533 2006 cupressea
554 1943 600 1990 in
633 1942 772 1988 aedem
800 1940 937 1987 illata.

270 2016 529 2062 XXXVIII.
562 2013 666 2061 Diis
695 2012 776 2058 rite
798 2010 1012 2075 placatis,
1040 2008 1258 2056 delestum
1280 2006 1485 2055 consules

202 2085 427 2132 habebant
454 2084 596 2134 acrius
624 2082 953 2146 intentiusque,
981 2097 1115 2144 quam
1147 2080 1375 2142 prioribus
1402 2096 1484 2127 an-

203 2158 273 2205 nis
293 2158 527 2222 quisquam
547 2159 811 2205 meminerat
827 2156 1043 2202 habitum.
1071 2170 1173 2200 nam
1195 2157 1243 2202 &
1269 2153 1375 2200 belli
1396 2167 1484 2200 ter-

203 2247 282 2277 ror
310 2232 561 2293 duplicatus
592 2231 706 2279 novi
731 2230 868 2278 hostis
897 2230 945 2276 in
970 2227 1141 2275 Italiam
1168 2226 1367 2274 adventu
1394 2243 1404 2271 :
1434 2227 1487 2273 δε

201 2302 351 2350 minus
370 2302 620 2363 juventutis
644 2317 762 2363 erat,
792 2303 911 2350 unde
938 2299 1179 2350 seriberent
1196 2299 1370 2345 milites.
1400 2300 1483 2344 Ita-

203 2392 292 2440 que
332 2377 529 2424 colonos
564 2377 697 2424 etiam
735 2377 1021 2433 maritimos,
1049 2374 1128 2438 qui
1166 2372 1484 2419 sacrosan&am

204 2448 488 2498 vacationem
517 2450 780 2499 dicebantur
808 2450 999 2509 habere,
1028 2449 1130 2497 dare
1158 2447 1320 2495 milites
1348 2464 1481 2517 coge-
