1628 2890
253 171 794 220 HISTORIARUM
843 173 971 219 LIB.
1014 172 1205 219 XXIV.
1277 186 1368 234 217

83 280 155 328 rio
184 280 362 327 Graecia
389 279 749 342 Macedoniaque
784 297 883 326 cum
921 279 1101 343 legione
1127 280 1176 327 &
1204 278 1332 327 claffe
1353 315 1367 336 ,

81 371 215 418 quam
235 354 440 401 haberet:
465 354 525 413 Q.
542 353 698 400 Mucio
720 370 821 399 cum
844 366 996 400 vetere
1014 352 1217 399 exercitu
1240 351 1371 416 (duze

83 438 230 474 autem
255 426 454 490 legiones
482 425 637 490 erant)
670 426 896 473 Sardinia:
929 427 984 472 C.
1004 425 1224 472 'lerentio
1249 425 1370 489 legio

83 518 199 560 una,
223 501 298 548 cui
326 500 413 563 jam
440 512 652 564 praeerat,
675 502 724 547 &
747 500 974 548 Picenum.
1009 501 1152 547 Scribi
1182 512 1369 564 praeter-

82 590 134 620 ea
176 574 273 620 duae
311 573 510 636 legiones
542 572 725 619 urbanae
763 572 916 634 juffae,
954 575 1003 621 &
1031 574 1196 635 viginti
1230 573 1371 620 millia

82 647 329 695 sociorum.
354 648 435 694 His
463 646 653 694 ducibus
669 682 682 703 ,
700 646 766 693 his
787 647 932 710 copiis
948 684 962 707 ,
984 649 1197 696 adversus
1227 648 1369 696 multa

81 710 233 778 finiuh
251 732 328 767 aut
356 732 479 768 mota
500 730 574 766 aut
603 718 796 780 suspeEta
821 720 962 779 bella,
983 722 1244 768 munierunt
1267 723 1370 768 Ro-

81 809 264 839 manum
282 791 533 855 imperium.
563 790 809 847 Consules,
832 792 1002 839 duabus
1023 794 1205 840 urbanis
1223 794 1370 855 legio-

83 866 213 913 nibus
232 865 427 928 scriptis,
450 864 850 928 supplementoque
870 865 916 911 in
938 865 1044 912 alias
1067 867 1207 923 Icelo,
1227 866 1370 929 prius-

81 957 213 1003 quam
250 939 305 986 ab
341 939 453 986 urbe
483 950 761 997 moverent,
793 939 999 1003 prodigia
1035 956 1372 1001 procurarunt,

80 1029 181 1076 quae
201 1012 399 1059 nuntiata
427 1024 566 1059 erant.
598 1012 758 1058 Murus
777 1028 827 1058 ac
846 1024 991 1075 portae
1018 1013 1140 1058 tabiae
1155 1048 1169 1068 ‚
1195 1015 1246 1060 &
1262 1013 1370 1059 Ari-

81 1086 162 1133 ciae
183 1087 315 1133 etiam
344 1085 471 1133 Jovis
498 1085 612 1133 aedes
632 1086 686 1131 de
717 1085 839 1132 coelo
872 1086 984 1134 taEla
1006 1085 1165 1133 fuerat.
1201 1087 1257 1133 Et
1283 1086 1371 1133 alia

80 1158 273 1206 ludibria
311 1158 552 1206 oculorum
589 1159 856 1222 auriumque
898 1159 1067 1206 credita
1108 1176 1194 1222 pro
1231 1160 1368 1208 veris.

81 1233 265 1280 navium
304 1232 541 1297 longarum
577 1231 740 1294 species
776 1231 823 1278 in
855 1231 1040 1279 flumine
1073 1232 1333 1280 Tarracinae
1353 1268 1369 1291 ‚

80 1323 182 1370 quae
212 1306 344 1353 nullae
369 1317 526 1363 erant,
557 1304 665 1352 visae
682 1341 696 1365 ‚
727 1307 779 1353 &
811 1305 858 1351 in
882 1304 1012 1352 Jovis
1032 1304 1223 1351 Vicilini
1250 1316 1369 1350 tem-

78 1378 190 1441 Ρῖο,
223 1378 348 1440 quod
380 1377 427 1423 in
459 1377 718 1439 Compsano
754 1392 862 1440 agro
894 1375 986 1433 est,
1022 1392 1144 1422 arma
1173 1392 1367 1423 concre-

79 1449 241 1512 puiss'e:
275 1450 324 1496 δε
348 1448 515 1495 flumen
541 1447 762 1495 Amiterni
797 1459 1035 1496 cruentum
1064 1447 1250 1495 fluxiffe.
1284 1449 1366 1495 His

79 1523 333 1585 procuratis
359 1540 415 1569 ex
445 1523 626 1569 decreto
648 1521 914 1586 pontificum
932 1557 946 1581 ,
979 1521 1173 1585 profecti
1199 1522 1369 1569 consu-

78 1595 170 1653 les,
202 1594 494 1658 Sempronius
524 1595 572 1641 in
604 1598 810 1643 Lucanos
836 1631 848 1650 ,
878 1595 925 1642 in
956 1595 1163 1658 Apuliam
1193 1595 1369 1642 Fabius.

78 1668 208 1715 Pater
241 1667 339 1715 filio
376 1667 543 1731 legatus
579 1669 634 1716 ad
677 1668 920 1715 Suessulam
967 1668 1014 1714 in
1053 1667 1191 1716 castra
1224 1668 1367 1718 venit.

80 1757 181 1788 cum
213 1741 399 1789 obviam
431 1740 549 1788 filius
583 1742 955 1805 progrederetur,
984 1740 1250 1805 lieloresque
1283 1759 1368 1789 ve·-

79 1816 292 1863 recundia
316 1815 552 1878 majestatis
575 1815 677 1878 ejus·
691 1816 812 1863 taciti
831 1816 1078 1872 anteirent;
1102 1830 1262 1880 praeter
1285 1834 1368 1862 un-

80 1888 227 1935 decim
244 1888 379 1937 fasces
398 1906 518 1953 equo
540 1889 788 1952 praeveihoe
810 1888 943 1937 senex
956 1925 969 1947 ‚
986 1900 1036 1936 ut
1053 1888 1210 1936 consul
1227 1888 1366 1935 anim-

80 1961 312 2009 advertere
345 1962 606 2024 proximum
638 1961 841 2008 liftorem
869 1960 988 2024 juffit
1007 1998 1021 2020 ‚
1044 1961 1176 2020 Scis,
1208 1973 1256 2006 ut
1291 1961 1368 2006 de-

79 2034 308 2082 scenderet
335 2054 391 2083 ex
421 2053 539 2100 equo
556 2073 573 2099 ‚7
596 2036 886 2093 inclamavit3
917 2027 1012 2084 tuni
1040 2035 1218 2082 demum
1252 2034 1368 2082 defi-

79 2106 215 2166 lions,
240 2112 463 2169 Experiri,
486 2108 659 2174 inquit,
678 2113 816 2167 volui,
829 2112 904 2170 fili
917 2144 930 2168 ,
945 2108 1220 2170 satin'fiires
1231 2144 1248 2165 ,
1269 2127 1367 2155 colz-

71 2182 204 2242 sulcm
231 2199 269 2228 te
295 2182 383 2245 effe.

147 2257 286 2302 XLV.
317 2259 365 2302 In
385 2273 434 2302 ea
464 2256 599 2304 castra
629 2256 788 2304 Dasius
811 2255 1004 2303 Altinius
1025 2255 1222 2318 Arpinus
1249 2255 1365 2303 clam

80 2331 213 2376 nofile
235 2347 336 2377 cum
363 2331 504 2377 tribus
537 2330 674 2377 servis
701 2331 857 2389 venit,
894 2331 1164 2394 promittens
1182 2368 1195 2388 ,
1227 2331 1258 2377 fi
1283 2330 1364 2376 fibi

79 2403 268 2466 p'raemio
290 2402 433 2459 foret,
455 2404 496 2450 se
518 2407 663 2466 Arpos
687 2403 975 2466 proditurum
995 2403 1092 2450 effe.
1127 2404 1246 2450 Cum
1266 2419 1364 2448 eam

80 2491 171 2525 rem
196 2475 251 2523 ad
285 2476 518 2523 consilium
551 2476 763 2523 retuliffet
795 2477 980 2535 Fabius,
1004 2476 1101 2524 aliis
1112 2496 1196 2539 pro
1224 2494 1364 2523 trans-
