1628 2890
210 157 270 204 ῳ
559 137 1122 185 T1T1L1vtt

205 258 375 292 rentur.
397 246 509 304 Quo
529 242 786 307 priusquam
807 241 969 298 iretur,
991 254 1251 306 certumque
1270 243 1490 292 defeffio-

206 319 276 365 nis
298 318 534 365 confilium
565 317 692 374 effet,
712 318 905 363 Romam
937 315 1108 379 legatos
1130 315 1279 363 miffos
1308 334 1331 363 a
1353 318 1491 364 Cam·->

205 391 361 452 panis,
392 390 436 434 in
464 387 728 451 quibusdam
758 388 992 434 annalibus
1019 385 1236 446 invenio,
1258 387 1491 451 postulan-

205 472 271 506 tes
287 495 301 518 ,
322 471 372 505 ut
391 459 501 506 alter
521 458 680 507 consul
700 460 958 521 Campanus
978 455 1130 515 fieret,
1149 458 1180 504 fi
1203 475 1295 506 rem
1315 460 1490 508 Roma-

205 548 308 577 nam
348 530 555 591 adjuvari
589 531 773 579 vellent.
804 527 1116 592 indignatione
1154 541 1276 586 orta,
1305 529 1491 579 submo-

203 603 304 650 veri
323 620 347 650 a
368 603 491 650 curia
509 603 645 666 jussos
665 603 776 650 effe:
795 602 1062 666 missumque
1084 602 1287 650 li&0rem
1302 639 1317 661 ,
1333 605 1413 669 qui
1433 623 1491 653 ex

204 677 317 724 urbe
338 677 547 723 educeret
566 692 671 734 eos,
700 687 833 739 atque
854 692 911 722 eo
945 674 1015 722 die
1034 692 1214 722 manere
1235 688 1360 723 extra
1378 676 1490 725 fines

204 750 442 794 Romanos
475 746 662 809 juberet.
695 746 816 807 Quia
844 745 976 793 nimis
1006 762 1193 809 compar
1224 747 1490 796 Latinorum

202 821 434 883 quondam
456 819 701 884 postulatio
724 832 840 878 erat,
860 819 1125 883 Coeliusque
1143 821 1193 867 ὃ(
1213 820 1289 866 alii
1307 821 1354 867 id
1371 821 1490 870 haud

204 895 295 941 fine
329 894 457 941 causa
494 893 868 956 praetermiserant
905 892 1174 957 scriptores,
1206 909 1376 956 ponere
1402 909 1490 958 pro

204 979 332 1015 certo
362 966 456 1013 sum
477 966 665 1014 veritus.

269 1039 366 1085 Vll.
396 1038 547 1101 Legati
577 1039 633 1084 ad
659 1036 958 1084 Hannibalem
975 1048 1222 1092 venerunt,
1242 1053 1491 1101 pacemque

203 1127 307 1159 cum
326 1126 382 1157 eo
418 1111 760 1158 conditionibus
789 1110 1020 1158 fecerunt:
1052 1113 1119 1156 Ne
1148 1114 1241 1172 quis
1269 1115 1493 1172 imperator

203 1184 508 1249 tngistratusiae¹
541 1188 764 1231 Poenorum
791 1185 872 1243 jus
903 1188 1036 1229 ullum
1068 1187 1114 1228 in
1141 1187 1266 1228 civem
1303 1185 1490 1243 Campa-

203 1275 303 1302 num
331 1258 490 1303 haberet
503 1293 518 1313 ,
553 1277 650 1303 neve
676 1258 781 1302 civis
805 1259 1044 1316 Campanus
1077 1258 1236 1300 invitus
1260 1257 1455 1300 militaret
1471 1290 1490 1312 ,

206 1329 407 1390 munusve
426 1329 595 1388 faceret.
622 1345 669 1374 ut
691 1331 781 1388 sicce
812 1332 916 1389 leges
929 1362 944 1383 ‚
956 1328 1034 1386 fici
1053 1328 1316 1392 magistratus
1340 1329 1490 1387 Capuae

203 1399 335 1464 effint.
367 1416 414 1447 ut
439 1417 632 1447 trecentos
666 1420 719 1447 ex
750 1402 960 1445 Romanis
987 1401 1162 1459 captivis
1188 1400 1348 1444 Poenus
1375 1402 1493 1445 daret
1547 1446 1550 1448 ,
1616 1441 1617 1447 ,

205 1477 465 1535 Campanis,
489 1492 590 1536 quos
619 1473 701 1538 ipsi
728 1471 930 1536 elegiffirzt
942 1491 961 1527 ;
993 1490 1084 1517 cum
1122 1473 1270 1532 quibus
1304 1473 1485 1532 equitum

206 1551 545 1607 Campanorum,
578 1550 647 1607 qui
674 1549 720 1591 in
746 1547 898 1592 Sicilia
915 1547 1128 1612 stipendia
1147 1545 1362 1602 facerent,
1385 1563 1486 1604 per-

201 1621 378 1666 mutatio
396 1620 525 1679 fieret.
563 1619 674 1665 Haec
707 1617 860 1680 paesta:
889 1616 962 1662 illa
990 1616 1195 1678 insuper,
1230 1633 1365 1680 quam
1386 1632 1488 1678 quae

201 1691 328 1754 Peneia
346 1703 492 1749 erant,
513 1690 718 1738 facinora
735 1689 954 1752 Campani
972 1689 1222 1737 ediderunt.
1246 1706 1349 1735 narn
1370 1705 1486 1751 prae-

204 1763 244 1811 fe
254 1764 347 1810 &os
374 1762 546 1810 socium
576 1763 785 1826 civesque
810 1764 1046 1825 Romanos
1063 1762 1174 1809 alios
1189 1798 1202 1820 ‚
1223 1762 1382 1825 partim
1405 1761 1488 1808 ali-

202 1852 298 1900 quo
341 1835 526 1882 militiae
563 1847 745 1882 munere
779 1848 1060 1898 occupatos,
1098 1835 1261 1898 partim
1298 1834 1488 1897 privatis

203 1908 399 1973 negotiis
425 1907 696 1970 implicitos,
717 1908 843 1971 plebs
872 1921 1056 1970 repente
1082 1923 1241 1954 omnes
1274 1922 1489 1968 compre-

200 1980 390 2038 hensos,
412 1980 538 2027 velut
553 1980 766 2027 custodiae
786 1978 938 2037 causa,
953 1979 1122 2026 balneis
1146 1979 1316 2026 includi
1339 1978 1484 2039 juffit:

201 2054 305 2110 ubi,
336 2054 519 2101 fervore
548 2067 681 2118 atque
715 2053 821 2100 aestu
847 2053 993 2100 anima
1016 2053 1281 2111 interclusa,
1308 2052 1487 2099 foedum

202 2126 250 2174 in
281 2128 467 2174 modum
500 2128 790 2191 exspirarent.
822 2130 884 2173 Ea
913 2144 968 2173 ne
999 2126 1181 2182 fierent,
1210 2143 1298 2173 neu
1319 2125 1489 2189 legatio

201 2198 454 2245 mitteretur
473 2201 528 2246 ad
553 2203 742 2247 Poenum
760 2237 775 2259 ‚
795 2200 961 2246 summa
983 2217 1071 2261 ope
1091 2200 1262 2246 Decius
1280 2198 1486 2262 Magius,

201 2272 277 2321 vir
305 2272 378 2320 cui
406 2273 460 2320 ad
490 2273 705 2321 summam
731 2272 1040 2319 austoritatem
1067 2272 1205 2329 nihil,
1227 2287 1390 2333 praeter
1413 2269 1483 2316 sa-

201 2363 307 2394 nam
344 2344 516 2393 civium
548 2358 769 2403 mentem,
806 2344 972 2404 defuit,
1005 2344 1234 2391 restiterat.
1274 2354 1325 2391 ut
1363 2358 1484 2389 vero

201 2418 456 2484 praesidium
486 2419 605 2468 mitti
630 2420 685 2468 ab
715 2418 965 2467 Hannibale
995 2417 1203 2477 audivit,
1223 2416 1388 2482 Pyrrhi
1408 2415 1482 2468 su-
