1628 2890
187 175 273 223 132
539 157 1103 205 TITILIVII

245 267 463 315 XXXIII.
485 267 534 312 In
563 264 680 311 hanc
707 263 1042 311 dimicationem
1057 264 1248 311 duorum
1270 264 1464 328 opulen-

176 341 448 388 -tiffimorum
475 337 522 382 in
551 337 679 384 terris
706 337 982 399 populorum
1017 353 1174 384 omnes
1203 355 1325 402 reges
1354 356 1465 403 gen·
1515 360 1525 364 -

177 411 333 473 tesque
369 408 545 456 animos
585 407 884 456 intenderant.
933 409 1050 455 inter
1071 426 1200 472 vquos
1228 410 1465 472 Philippus

178 481 487 539 Macedonum
515 496 619 538 rex,
649 496 706 527 eo
736 480 899 550 magis,
928 480 1056 545 quod
1081 480 1273 543 propior
1293 481 1429 528 Italiae
1448 515 1465 537 ‚

176 574 234 604 -ac
253 554 363 602 mari
383 554 558 600 tantum
585 553 720 601 Jonio
740 554 952 601 discretus
972 567 1082 600 erat.
1114 557 1152 600 Is
1173 555 1251 601 ubi
1268 555 1466 619 primum

179 628 298 676 fama
327 625 526 689 accepit,
556 626 858 673 Hannibalem
880 626 1016 689 Alpes
1047 626 1352 691 transgreffum
1373 665 1386 687 ,
1414 644 1467 676 ut

178 701 302 750 bello
324 700 439 746 inter
464 699 699 745 Romanos
719 701 1002 762 Poenumque
1026 713 1132 745 orto
1152 698 1324 746 laetatus
1345 713 1469 759 erat,

177 776 268 832 ita,
304 774 447 822 utrius
491 773 651 836 populi
682 773 836 820 mallet
875 771 1114 820 vi&oriam
1141 772 1247 831 effe,
1283 773 1467 821 incertis

173 851 325 899 *adhuc
352 847 552 907 viribus,
582 847 817 895 flustuatus
849 847 1003 894 animo
1039 847 1195 895 fuerat.
1227 849 1466 912 Postquam

176 923 309 972 tertia
328 920 416 983 jam
445 937 597 984 pugna
614 955 628 979 ,
648 921 775 967 tertia
805 920 999 967 vi&0ria
1027 938 1130 968 cum
1161 922 1314 969 Poenis
1347 933 1466 980 erat,

176 998 239 1046 -ad
256 995 484 1042 fortunam
515 993 755 1042 inclinavit
770 1031 784 1053 ,
805 994 1063 1059 legatosque
1093 995 1147 1041 ad
1169 994 1468 1042 Hannibalem

178 1070 325 1120 misit:
350 1068 456 1132 qui,
477 1068 671 1115 vitantes
704 1080 866 1131 portus
897 1067 1227 1115 Brundusinum
1258 1067 1470 1115 Tarenti-

178 1159 406 1205 numque,
436 1139 540 1203 quia
561 1140 777 1188 custodiis
806 1139 994 1188 navium
1013 1141 1324 1186 Romanarum
1343 1155 1469 1187 tene-

179 1217 373 1272 bantur,
411 1214 468 1260 ad
504 1212 699 1260 Laciniae
736 1213 926 1260 lunonis
966 1213 1186 1275 templum
1221 1212 1268 1259 in
1306 1225 1468 1261 terram

177 1289 334 1356 egreffi
368 1287 480 1335 sunt.
514 1287 618 1333 Inde
652 1303 731 1350 per
761 1285 971 1349 Apuliam
1001 1299 1202 1349 petentes
1235 1287 1468 1350 Capuam,

178 1364 326 1414 media
345 1361 392 1408 in
422 1359 623 1424 praesidia
655 1360 865 1406 Romana
893 1358 1005 1406 illati
1038 1358 1170 1406 sunt:
1199 1358 1468 1424 deduffique

176 1440 236 1486 ad
267 1439 330 1483 M.
359 1431 588 1479 Valerium
611 1432 846 1480 Laevinum
875 1445 1138 1495 praetorem,
1168 1431 1285 1479 circa
1312 1433 1468 1481 Nuce·-

177 1511 291 1559 riam
327 1506 466 1555 castra
500 1504 752 1553 habentem.
800 1505 865 1552 Ibi
900 1504 1124 1567 intrepide
1161 1505 1467 1568 Xenophanes

177 1581 417 1650 legationis
437 1579 644 1643 princeps
659 1616 675 1637 ,
703 1596 729 1625 a
748 1578 958 1642 Philippo
979 1595 1081 1642 rege
1101 1577 1143 1625 se
1160 1578 1357 1637 missum,
1379 1579 1467 1639 ait,

179 1660 237 1707 ad
254 1656 492 1704 amicitiam
510 1652 857 1715 societatemque
875 1650 1148 1714 jungendam
1169 1667 1270 1697 cum
1286 1652 1466 1713 populo
1481 1669 1485 1676 ¹

178 1733 417 1783 Roman03
449 1726 652 1773 mandata
685 1724 845 1771 habere
879 1723 934 1770 ad
956 1723 1161 1771 consules
1183 1740 1234 1770 ac
1267 1722 1467 1772 senatum

176 1803 491 1869 populumque
517 1801 793 1851 Romanum.
825 1800 944 1843 Inter
965 1796 1236 1844 defefflones
1257 1809 1466 1853 veterum

178 1877 408 1925 sociorum
425 1910 438 1931 ,
461 1872 664 1918 Valerius
681 1907 694 1929 ,
720 1887 845 1918 nova
869 1871 1080 1918 societate
1108 1884 1195 1918 tam
1215 1871 1325 1920 clari
1353 1872 1467 1936 regis

178 1951 308 1997 laetus
333 1945 599 2001 admodum,
618 1944 765 1991 hostes
786 1960 870 2007 pro
892 1944 1145 2008 hospitibus
1170 1945 1360 1992 comiter
1386 1962 1466 1993 ac-

178 2022 314 2086 cepit.
365 2020 468 2078 dat,
507 2018 587 2082 qui
628 2016 985 2080 prosequantur,
1020 2016 1181 2075 itinera
1217 2035 1318 2065 cum
1358 2034 1466 2064 cura

178 2095 513 2150 demonstrent,
532 2109 634 2157 quae
653 2091 753 2138 loca
770 2127 782 2148 ,
804 2090 1005 2154 quosque
1024 2090 1154 2138 saltus
1169 2127 1183 2150 ,
1201 2105 1277 2138 aut
1295 2092 1467 2137 Roma-

174 2187 293 2227 ·nus,
318 2180 391 2214 aut
412 2166 559 2213 hostes
589 2177 783 2211 teneant.
815 2163 1122 2226 Xenophanes
1154 2181 1232 2226 per
1260 2163 1466 2226 praesidia

177 2246 388 2292 Romana
404 2241 450 2287 in
473 2239 790 2301 Campaniam,
814 2239 941 2295 inde,
964 2254 1048 2301 qua
1068 2239 1333 2300 proximum
1354 2236 1466 2296 fuit,

177 2316 396 2364 incastra
434 2311 697 2360 Hannibalis
736 2310 971 2374 pervenit,
1002 2310 1236 2372 foedusque
1271 2327 1371 2356 cum
1407 2326 1466 2356 eo

177 2403 310 2455 atque
328 2387 566 2435 amicitiam
582 2386 731 2448 junxit
752 2383 922 2448 legibus
942 2385 1039 2430 his:
1068 2400 1113 2430 uc
1138 2387 1362 2444 Philippus
1392 2403 1466 2429 rex

177 2483 299 2528 quam
327 2464 517 2511 maxima
538 2458 652 2524 clcgffe
681 2459 905 2521 (ducentas
925 2474 1061 2505 autem
1096 2474 1222 2504 naves
1252 2457 1467 2503 videbam
