1628 2890
250 162 1217 226 HISTORIARUM1„1}3.X><1V.v
1283 174 1369 233 167

78 292 215 335 nibali
241 288 476 348 imperatori
498 303 645 344 parem
675 282 884 343 consulem
915 284 1105 327 nomino.
1132 281 1231 325 Hoc
1252 298 1367 326 anuo

80 366 142 408 aa'
168 365 357 421 Capuam
387 358 566 404 sabellio
602 358 766 402 Taurea:
801 359 1018 416 Campano
1035 355 1207 415 summo
1242 354 1371 414 equiti

72 436 324 498 provocanti
339 433 536 493 summus
566 433 791 476 Romanus
820 447 935 490 eques
958 429 1131 489 Asellus
1166 429 1372 473 Claudius

82 508 136 574 ss
168 505 391 569 oppositus,
417 503 634 564 Adversus
670 502 869 558 Gallum,
901 505 1112 562 quondam
1130 517 1372 560 provocan-

82 599 160 628 tem
180 582 226 626 in
236 594 367 639 ponte
385 578 595 632 Anienis,
621 577 670 620 T.
693 575 933 631 Manlium,
943 575 1143 632 sidentem
1166 569 1209 617 ὃ*
1228 573 1374 617 animo

84 650 128 699 δ’
153 653 336 706 viribus,
363 648 503 709 misere
531 645 711 702 majores
736 645 877 712 nostri.
911 647 980 690 Ob
1002 648 1171 691 eandem
1202 645 1373 706 causam

84 713 202 771 haud
233 725 378 769 multis
398 722 524 767 annis
541 720 637 785 post
649 716 778 790 fuzfle
804 737 892 763 non
918 722 1179 780 negaverim,
1206 736 1278 763 cur
1307 720 1373 763 M.

92 800 261 843 Valerio
289 814 376 841 non
406 795 685 858 diffideretur,
712 792 910 852 adversus
925 791 1123 855 fimiliter
1135 809 1375 852 provocanj·

87 887 164 915 tem
192 887 312 915 arma
340 867 521 928 capienti
550 866 726 911 Gallum
750 867 811 908 aa'
838 864 1054 909 certamenss
1086 864 1376 924 Quemadmo-

88 947 188 989 dum
205 945 367 1004 pedites
392 939 615 1001 equitesque
644 954 861 999 optamus,
879 954 925 984 ut
946 938 1174 984 validiores
1190 972 1207 993 ,
1224 937 1275 1003 st
1289 941 1375 982 mi-

87 1034 193 1074 nus,
213 1031 260 1062 ut
277 1032 400 1076 pares
423 1013 550 1079 hosti,
565 1014 815 1067 habeamu5;
833 1015 893 1057 ita
924 1014 1021 1056 duci
1044 1011 1213 1076 hostium
1228 1029 1375 1071 parem

88 1090 370 1148 imperatorem
395 1101 640 1146 quaeramus.
672 1086 775 1130 Cum
790 1119 802 1141 ‚
824 1087 896 1144 qui
922 1085 975 1151 est
983 1084 1178 1143 summus
1197 1085 1245 1127 in
1270 1085 1377 1127 civi*

88 1177 169 1206 tate
198 1163 316 1215 dux,
337 1177 425 1204 eum
447 1160 658 1219 legerimus
666 1176 686 1213 ,⁴
714 1174 852 1202 tamen
876 1173 1031 1218 repente
1051 1155 1200 1213 leflu5,
1221 1156 1267 1199 in
1294 1174 1378 1200 an-

87 1252 188 1279 num
209 1249 391 1289 creatus,
422 1231 617 1291 adversus
637 1246 802 1277 veterem
825 1249 876 1276 ac
886 1247 1127 1291 perpetuum
1154 1232 1378 1290 imperato-

89 1325 169 1352 rem
198 1307 531 1366 comparabitur,
557 1307 687 1350 nullis
716 1323 840 1365 neque
869 1307 1092 1365 temporis,
1120 1321 1243 1363 neque
1268 1303 1381 1359 juris

43 1417 55 1426 e
88 1381 293 1440 inclusum
313 1380 515 1444 angustiis
528 1412 541 1435 ‚
557 1396 635 1438 quo
654 1381 793 1423 minus
813 1381 874 1423 ita
895 1381 1038 1424 omnia
1051 1394 1166 1439 gerat
1185 1379 1379 1422 admini-

76 1456 280 1520 stretque,
305 1468 351 1497 ut
378 1468 560 1512 tempora
581 1453 850 1518 postulabunt
876 1454 984 1498 belli.
1014 1453 1136 1496 nobis
1168 1466 1302 1496 autem
1333 1452 1380 1494 in

90 1539 297 1586 apparatu.
316 1524 428 1585 ipso,
459 1543 508 1570 ac
525 1540 690 1570 tantum
715 1525 1011 1570 inchoantibus
1029 1541 1088 1569 res
1101 1559 1114 1579 ‚
1135 1539 1275 1568 annus
1297 1524 1380 1566 cir-

91 1600 334 1659 ctmzagitur.
365 1598 612 1657 Quoniam,
632 1600 774 1658 quales
802 1600 917 1642 viros
938 1615 1067 1643 creare
1095 1614 1169 1644 vos
1198 1596 1381 1654 confides

90 1676 252 1729 deceat,
259 1672 375 1732 satis
397 1672 450 1736 est
469 1671 619 1717 dia-”ium
629 1689 649 1726 ;
672 1672 814 1736 restat,
832 1674 1026 1731 utpauca
1045 1673 1092 1715 a¹e
1114 1673 1173 1716 eis
1189 1706 1201 1727 ‚
1219 1672 1265 1715 in
1281 1686 1384 1730 quos

84 1747 366 1807 praerogativae
378 1743 512 1803 favor
530 1746 780 1800 inclinavit,
802 1746 955 1790 dicam.
975 1746 1041 1790 M.
1063 1745 1271 1789 AEmilius
1295 1744 1383 1788 Re-

89 1822 218 1879 gillus
235 1819 401 1882 flamen
436 1818 488 1882 est
523 1819 797 1879 Quirinalis,
830 1835 945 1877 quem
988 1836 1112 1878 neque
1143 1819 1296 1862 mittere
1331 1819 1384 1861 ab

80 1892 221 1951 sacris
238 1925 252 1947 ‚
271 1910 395 1951 neque
414 1894 578 1936 retinere
589 1888 828 1953 poffiimus,
849 1906 896 1936 ut
914 1909 1000 1937 non
1021 1891 1169 1936 Deum
1191 1906 1264 1936 aut
1287 1891 1386 1934 belli

94 1963 326 2022 deseramus
358 1981 511 2008 curam.
549 1963 763 2008 Otacilius
781 1962 947 2022 sororis
982 1980 1075 2007 mea:
1098 1962 1241 2020 filiam
1272 1979 1386 2006 uxo—

94 2056 174 2082 rem
190 2071 204 2094 ,
227 2053 346 2097 atque
365 2055 418 2081 ex
443 2055 490 2081 ea
510 2038 660 2082 liberos
675 2073 690 2094 ,
718 2040 852 2084 lzabet.
886 2053 1053 2083 ceterum
1071 2055 1160 2082 non
1184 2056 1232 2082 ea
1257 2035 1384 2100 vestra

97 2112 143 2154 in
168 2127 230 2154 me
258 2110 510 2170 majoresque
535 2129 644 2156 meos
676 2114 820 2157 merita
839 2112 974 2171 fient,
1001 2127 1048 2156 ut
1074 2128 1160 2155 non
1180 2112 1387 2171 potiorem

91 2186 272 2243 privatis
289 2183 646 2246 necfftudinibus
666 2186 959 2245 rempublicam
979 2185 1165 2229 habeam.
1197 2184 1388 2244 Quilibet

95 2274 316 2304 nautarum
336 2259 610 2319 veflorunzque
627 2261 858 2319 tranquillo
874 2261 984 2304 mari
998 2260 1221 2320 gubernare
1229 2258 1387 2323 potest:

33 2347 48 2355 ”
96 2335 169 2376 ubi
192 2332 311 2391 sceva
343 2347 435 2378 orta
463 2334 672 2399 tempestas
703 2334 756 2398 est
763 2369 778 2391 ,
807 2352 857 2380 ac
890 2336 1054 2380 turbato
1087 2335 1197 2378 mari
1229 2335 1390 2393 rapitur

94 2421 216 2450 ‘vento
244 2407 393 2463 navis,
427 2422 512 2452 tum
544 2409 638 2453 viro
673 2406 716 2454 δ’
746 2410 1014 2469 gubernatore
1045 2423 1148 2467 opus
1179 2406 1244 2471 est.
1283 2407 1389 2450 Non

95 2481 318 2540 tranquillo
351 2483 631 2543 navigamus,
653 2483 738 2543 sed
752 2482 851 2538 jam
877 2484 1037 2543 aliquot
1065 2482 1259 2541 procellis
1281 2479 1388 2539 sieb-

1037 2555 1140 2612 L4
