1628 2890
231 175 784 222 HISTORIARUM
830 178 958 223 LIB.
992 177 1199 225 XXIV.
1277 196 1364 241 ως

71 284 182 341 bus,
204 295 320 330 terra
344 284 657 330 Macedoniam
690 284 847 347 petiit,
870 302 1030 348 magna
1061 302 1116 331 ex
1147 298 1271 349 parte
1294 285 1370 332 in·-

73 356 186 402 ermi
215 357 418 403 exercitu
443 355 742 420 spoliatoque.
777 359 984 405 Romana
1006 357 1148 406 claffis
1176 376 1278 405 cum
1301 360 1367 405 M..

73 429 260 476 Valerio
281 429 412 476 Orici
436 430 705 478 hibernavit.

148 504 265 550 XLI.
294 503 469 549 Eodem
506 519 628 549 anno
655 502 703 548 in
731 501 945 566 Hispania
977 501 1101 552 varie
1125 521 1194 552 res
1225 503 1368 568 gestae.

73 591 200 633 nam,
240 575 495 638 priusquam
538 575 733 622 Romani
779 592 956 623 amnem
992 578 1168 624 Iberum
1211 577 1381 624 transi-
1427 631 1430 635 ¹

74 659 198 702 rent,
227 648 430 711 ingentes
467 648 622 712 copias
657 648 964 712 Hispanorum
1001 653 1139 715 Mago
1172 654 1221 701 &
1255 652 1368 699 Has·

73 721 231 768 drubal
271 721 496 769 fuderunt.
548 721 862 786 defecissetque
901 724 957 770 ab
997 725 1213 772 Romanis
1248 727 1369 772 ulte-

75 796 172 842 rior
204 795 443 858 Hispania,
483 796 532 843 ni
566 798 612 843 P.
651 797 926 852 Cornelius,
961 797 1122 859 raptim
1163 799 1370 849 trad11&o

74 868 276 916 exercitu
310 869 511 927 iberum,
547 869 691 916 dubiis
721 868 950 916 sociorum
985 870 1142 916 animis
1168 870 1217 917 in
1250 883 1370 918 tem-

74 959 189 1006 pore
222 942 481 989 adveniffet.
518 937 675 989 'Primo
714 941 767 988 ad
795 940 987 988 castrum
1021 940 1176 987 Altum
1204 941 1369 1006 (locus

76 1014 138 1062 est
181 1014 361 1078 infignis
401 1014 522 1061 caede
562 1013 711 1077 magni
754 1011 1051 1077 Hamilcaris)
1089 1012 1228 1060 castra
1268 1015 1370 1061 Ro-

75 1085 197 1132 mani
232 1085 440 1132 habuere.
478 1086 574 1131 Arx
609 1095 702 1130 erat
736 1084 935 1144 munita,
972 1087 1022 1133 &
1056 1098 1370 1133 convexerant

77 1167 180 1202 ante
224 1154 518 1204 frumentum.
562 1168 740 1214 tamen,
782 1156 889 1221 quia
932 1156 1086 1203 omnia
1125 1156 1241 1204 circa
1281 1158 1372 1204 ho-

79 1228 210 1275 stium
249 1229 381 1292 plena
414 1240 564 1287 erant,
601 1245 852 1292 agmenque
891 1229 1146 1276 Romanum
1181 1230 1371 1292 impune

79 1300 354 1349 incursatum
375 1301 430 1348 ab
451 1301 675 1365 equitibus
695 1301 890 1348 hostium
923 1301 1096 1361 fuerat,
1127 1305 1176 1351 &
1202 1305 1258 1351 ad
1277 1305 1372 1352 duo

76 1373 244 1432 millia,
279 1385 356 1420 aut
391 1385 673 1422 moratorum
708 1386 784 1422 aut
817 1374 1065 1438 palantium
1093 1394 1172 1440 per
1206 1394 1370 1441 agros,

76 1446 335 1504 interfec'ta3
355 1447 517 1494 ceffere
537 1447 640 1494 inde
658 1448 858 1495 Romani
874 1448 1062 1513 propius
1080 1463 1232 1514 pacata
1251 1451 1370 1510 loca,

78 1522 130 1568 &
158 1521 213 1568 ad
241 1534 445 1569 montem
479 1522 695 1569 Viuoriae
732 1522 870 1570 castra
903 1525 1262 1572 communivere.
1300 1524 1370 1571 Eo

75 1592 164 1639 Cn.
184 1591 338 1654 Scipio
366 1609 468 1640 cum
491 1592 703 1640 omnibus
723 1593 867 1657 copiis
882 1631 895 1654 ‚
921 1596 971 1643 &
991 1596 1236 1643 Hasdrubal
1268 1596 1374 1644 Gis-

75 1664 211 1727 gonis
246 1663 394 1723 filius,
431 1666 590 1713 tertius
626 1667 1060 1731 Carthaginiensium
1102 1670 1228 1728 dux,
1266 1686 1373 1719 cum

77 1737 282 1784 exercitu
312 1735 432 1799 justo
469 1737 685 1786 advenit:
710 1752 959 1804 contraque
993 1740 1130 1789 castra
1163 1743 1374 1790 Romana.

77 1823 200 1859 trans
224 1809 418 1858 fluvium
441 1828 607 1871 omnes·
621 1812 875 1860 consedere.
902 1816 948 1861 P.
969 1815 1147 1878 Scipio,
1170 1833 1271 1863 cum
1293 1833 1375 1863 ex-

77 1884 242 1948 peditis
263 1883 377 1931 clam
397 1883 628 1946 profechts
657 1886 712 1933 ad
743 1885 845 1933 loca
877 1887 996 1936 circa
1027 1888 1237 1947 visenda,
1256 1889 1375 1935 haud

80 1956 241 2003 fefellit
268 1956 446 2004 hostes:
469 1959 867 2022 oppreffiss'entque
900 1977 1001 2008 eum
1035 1962 1081 2007 in
1115 1962 1375 2025 patentibus

80 2030 277 2093 campis,
295 2031 342 2077 ni
366 2031 587 2078 tumulum
607 2033 652 2078 in
676 2034 938 2098 propinquo
959 2035 1153 2098 cepiffet.
1173 2036 1236 2082 ibi
1254 2053 1375 2098 quo-

81 2122 172 2168 que
201 2105 503 2153 circumsessus
541 2107 741 2153 adventu
776 2107 922 2156 fratris
955 2109 1191 2155 obsidione
1215 2108 1374 2155 eximi-

81 2190 167 2225 tur.
204 2177 389 2223 Castulo
426 2177 533 2224 urbs
568 2177 792 2240 Hispania:
831 2180 983 2227 valida
1020 2198 1071 2228 ac
1098 2180 1290 2238 nobilis,
1323 2181 1373 2228 δὲ

82 2250 196 2297 adeo
216 2249 460 2311 conjunfflx
476 2249 687 2298 societate
711 2252 865 2299 Poenis
881 2288 895 2311 ‚
916 2264 965 2299 ut
985 2269 1106 2299 uxor
1123 2252 1227 2298 inde
1250 2254 1372 2301 Han·

82 2322 219 2371 nibali
251 2323 383 2382 esset,
415 2324 471 2370 ad
504 2325 741 2372 Romanos
777 2325 953 2373 defecit.
987 2325 1373 2390 Carthaginienses

82 2394 302 2458 liliturgin
346 2413 606 2460 oppugnare
654 2397 832 2454 adorti,
874 2397 978 2462 quia
1013 2399 1265 2462 praesidium
1307 2398 1371 2445 ibi

82 2468 341 2526 Romanum
362 2483 455 2518 erat
474 2488 486 2518 :
508 2470 871 2536 videbanturque
898 2473 1056 2537 inopia
1080 2489 1184 2520 eum
1217 2473 1373 2519 locum
