1628 2890
278 134 832 182 HISTORIARUM
868 137 993 183 LIB.
1028 136 1199 185 XXV.
1293 141 1386 203 269

108 240 258 289 castris
287 257 365 305 per
393 240 556 287 idonea
581 240 800 305 'dispofitis
829 242 959 301 loca,
993 243 1068 307 spe
1098 245 1153 292 ad
1182 244 1386 309 inopiam

108 316 312 362 omnium
345 331 492 361 rerum
522 315 717 363 inclusos
748 316 1058 377 redacturum,
1091 319 1387 370 circumsedit.

105 387 226 433 Cum
264 403 342 448 per
377 386 552 450 aliquot
591 388 681 436 dies
716 387 879 451 quietae
919 389 1130 438 stationes
1172 394 1385 458 utrinque

107 460 314 519 fuifi'ent,
332 474 513 525 repente
536 463 753 512 adventus
774 464 1065 526 Hippocratis
1092 468 1143 514 δε
1161 468 1388 515 Himilco—

108 534 176 580 nis
192 572 205 592 ‚
233 546 285 580 ut
311 535 432 582 ultro
457 536 652 599 undique
678 551 1045 601 oppugnarentur
1065 541 1285 601 Romani,
1319 542 1387 589 fe-

109 605 186 652 cit.
214 623 314 652 nam
342 608 392 654 δε
421 608 751 670 Hippocrates,
782 609 931 657 castris
956 611 1009 657 ad
1041 629 1248 675 magnum
1275 630 1388 677 por-

107 688 204 723 tum
224 678 540 737 communitis,
566 679 784 743 signoque
814 680 868 727 iis
903 681 1035 740 dato,
1067 684 1144 747 qui
1166 684 1387 732 Achradir

107 766 211 796 nam
244 751 480 808 tenebant,
513 750 650 809 castra
682 762 837 798 vetera
869 753 1184 802 Romanorum
1210 757 1387 804 adortus

107 823 202 881 est,
234 823 396 886 quibus
425 824 656 887 Crispinus
690 837 902 887 praeerat3
935 828 988 874 ’δε
1021 827 1248 892 Epicydes
1281 847 1387 876 eru·-

107 898 314 960 ptionem
343 898 390 944 in
420 897 630 945 stationes
662 898 866 946 Marcelli
892 898 998 947 fecit
1020 918 1032 946 :
1056 902 1106 948 &
1129 902 1266 949 claffis
1296 905 1386 950 Pu-

107 969 210 1016 nica
246 970 398 1030 litori,
432 971 556 1035 quod
589 971 703 1018 inter
736 972 893 1020 urbem
927 974 976 1020 ὅ(
1011 973 1149 1021 castra
1180 976 1387 1025 Romana

105 1054 226 1100 erat,
253 1042 436 1105 appulsa
469 1042 552 1099 est3
587 1060 644 1090 ne
674 1043 784 1107 quid
811 1044 1000 1107 praefidii
1037 1045 1246 1109 Crispino
1282 1048 1387 1096 sub-

106 1114 226 1160 mitti
245 1131 269 1160 a
289 1114 507 1161 Marcello
535 1116 690 1177 poffet.
714 1117 980 1164 Tumultum
999 1129 1145 1165 tamen
1166 1118 1383 1180 majorem

107 1183 255 1231 hostes
275 1184 587 1246 praebuerunt,
610 1203 745 1249 quam
767 1198 1004 1233 certamen.
1028 1205 1130 1235 nam
1154 1192 1203 1237 &
1218 1192 1387 1256 Crispi-

107 1274 194 1305 nus
217 1258 527 1320 Hippocraten
555 1274 650 1304 non
675 1259 842 1323 repulit
868 1272 1040 1308 tantum
1069 1264 1387 1325 munimentis,

106 1329 178 1376 sed
200 1329 422 1377 insecutus
454 1331 586 1377 etiam
614 1330 676 1377 est
703 1332 875 1394 trepide
908 1333 1152 1396 fugientem
1173 1355 1183 1383 z
1204 1338 1254 1384 δε
1281 1341 1385 1401 Epi-

111 1402 264 1465 cyden
295 1402 532 1449 Marcellus
556 1402 602 1448 in
630 1404 785 1450 urbem
816 1407 1050 1469 compulit.
1079 1408 1266 1473 satisque
1297 1411 1387 1473 jam

108 1474 243 1520 etiam
263 1474 310 1520 in
337 1475 565 1536 posterum
584 1475 821 1522 videbatur
846 1479 1108 1540 provisum,
1130 1499 1186 1528 ne
1203 1484 1310 1546 quid
1330 1486 1386 1532 ab

106 1545 352 1608 repentinis
380 1563 538 1593 eorum
557 1548 895 1596 excursionibus
915 1552 1104 1614 periculi
1135 1553 1268 1602 foret.
1296 1558 1388 1604 Ac-

108 1618 233 1666 ceffit·
252 1621 301 1666 &
328 1619 576 1682 pestilentia
591 1656 605 1679 ‚
632 1637 872 1668 commune
902 1624 1093 1684 malum,
1112 1628 1237 1689 quod
1258 1627 1386 1676 facile

106 1704 401 1753 utrorumque
427 1690 602 1736 animos
627 1705 848 1740 averteret
865 1711 889 1740 a
913 1694 1019 1741 belli
1050 1697 1258 1745 confiliis.
1282 1717 1385 1747 nam

109 1774 313 1825 tempore
339 1763 567 1821 autumni,
589 1765 640 1811 6<
658 1764 771 1811 locis
795 1777 951 1814 natura
978 1769 1218 1830 gravibus,
1240 1773 1386 1819 multo

107 1848 258 1884 tamen
286 1837 426 1901 magis
446 1834 583 1884 *extra
615 1840 798 1897 urbem,
818 1857 953 1903 quam
984 1843 1031 1888 in
1063 1844 1198 1903 urbe,
1221 1844 1390 1893 intole-
1450 1842 1452 1845 ’

106 1909 246 1955 randa
277 1909 347 1956 vis
377 1909 500 1956 aestus
527 1927 607 1972 per
635 1923 823 1974 utraque
851 1913 984 1960 castra
1014 1915 1217 1963 omnium
1247 1916 1386 1965 ferme

107 1998 306 2044 corpora
331 1983 495 2030 movit.
534 1986 589 2029 Et
621 1984 770 2046 primo
805 1987 1022 2048 temporis
1058 2005 1110 2035 ac
1141 1989 1234 2035 loci
1269 1992 1386 2039 vitio

108 2055 161 2102 &
190 2056 296 2118 aegri
325 2067 476 2113 erant,
498 2058 549 2103 &
568 2057 877 2104 moriebantur
897 2077 907 2105 :
926 2060 1078 2121 postea
1098 2062 1270 2109 curatio
1295 2063 1387 2126 ipsa

106 2131 156 2176 &
175 2129 406 2175 contactus
424 2146 646 2192 aegrorum
674 2131 885 2193 vulgabat
907 2132 1092 2179 morbos
1113 2152 1122 2179 ;
1144 2146 1194 2180 ut
1212 2146 1286 2182 aut
1304 2153 1387 2183 ne-

105 2201 236 2264 gleffl
256 2201 530 2264 desertique,
552 2202 628 2266 qui
653 2203 934 2262 incidiffent,
965 2222 1279 2267 morerentur,
1311 2223 1386 2257 aut

105 2274 336 2322 affidentes
357 2277 644 2341 curantesque
675 2279 826 2325 cadem
850 2279 898 2325 vi
930 2281 1077 2328 morbi
1096 2281 1292 2343 repletos
1320 2281 1386 2329 se-
1418 2286 1420 2290 ⁴

107 2364 210 2393 cum
243 2347 499 2396 traherent:
521 2350 872 2414 quotidianaque
901 2352 1058 2401 funera
1090 2356 1139 2402 &
1168 2371 1290 2402 mors
1323 2355 1385 2401 ob

108 2419 269 2468 oculos
302 2421 434 2482 esset,
467 2424 518 2470 &
552 2423 750 2488 undique
783 2424 877 2473 dies
911 2425 1150 2491 noclesque
1184 2428 1389 2491 ploratus*
