1628 2890
268 184 1183 237 utsTomARuML1ss.XXv‚
1282 204 1375 253 227

94 290 333 355 pugnavit.
372 293 484 352 Quo
518 291 683 340 diutius
711 294 968 340 trahebatur
992 295 1157 343 bellum
1175 331 1189 354 ,
1221 298 1271 345 &
1291 315 1377 346 va·-

93 364 268 411 riabant
287 363 491 411 secundae
522 364 809 428 adversaeque
833 382 901 412 res
919 383 1014 412 non
1038 366 1265 414 fortunam
1284 385 1381 414 ma·

94 439 186 503 gis,
209 455 341 501 quam
370 437 576 495 animos,
606 438 874 497 hominum3
905 452 1026 486 tanta
1047 440 1209 504 religio
1224 476 1238 500 ,
1261 443 1310 490 δε
1329 456 1382 488 ea

95 526 255 576 magna
283 527 338 557 ex
369 523 491 574 parte
519 522 703 557 externa
720 546 733 570 ,
755 511 987 560 civitatem
1015 513 1216 571 inceffit,
1237 527 1286 561 ut
1306 526 1383 561 aut

96 583 330 640 homines,
361 594 437 629 aut
458 582 540 628 Dii
559 595 744 644 repente
770 584 845 630 alii
865 584 1130 632 viderentur
1150 584 1266 633 facti.
1299 603 1384 636 nec

95 654 184 720 jam
216 657 263 703 in
301 656 472 704 secreto
505 657 649 703 modo
688 670 821 721 atque
858 658 973 705 intra
1007 660 1197 722 parietes
1229 661 1388 708 abole-

96 728 261 776 bantur
280 727 477 775 Romani
505 728 646 786 ritus;
678 729 752 776 sed
772 731 818 776 in
839 731 1026 793 publico
1053 733 1186 780 etiam
1207 752 1257 782 ac
1277 735 1386 785 foro

98 802 431 867 Capitolioque
460 802 695 850 mulierum
714 805 843 851 turba
873 822 991 864 erat,
1026 823 1109 854 nec
1136 808 1390 857 sacrifican-

98 879 243 937 tium,
274 893 357 924 nec
389 876 666 940 precantium
685 878 817 925 Deos
845 880 995 941 patrio
1027 897 1169 928 more.
1205 882 1387 930 Sacrifi-

100 953 191 1001 culi
221 969 272 999 ac
306 963 433 999 vates
465 963 675 1014 ceperant
702 951 939 999 hominum
960 967 1157 1001 mentes:
1192 974 1390 1020 quorum

100 1042 337 1073 numerum
372 1026 497 1072 auxit
535 1025 695 1073 rustica
726 1025 879 1088 plebs,
912 1044 969 1074 ex
1002 1027 1183 1076 incultis
1211 1029 1392 1078 diutino

102 1101 225 1149 bello
261 1098 515 1165 infestisque
547 1099 661 1164 agris
697 1100 886 1165 egestate
918 1103 967 1150 &
999 1115 1122 1149 metu
1157 1103 1205 1149 in
1235 1106 1393 1154 urbem

103 1176 362 1240 compuls33
384 1178 434 1224 &
451 1172 643 1239 quaestus
659 1193 716 1223 ex
736 1174 886 1224 alieno
904 1193 1056 1224 errore
1078 1177 1243 1237 facilis,
1258 1197 1394 1244 quem

103 1250 232 1298 velut
251 1268 307 1297 ex
340 1249 557 1298 conceffae
580 1249 684 1297 artis
709 1249 789 1296 usu
819 1251 1103 1299 exercebant.
1141 1253 1295 1302 Primo
1327 1255 1395 1302 se·-

103 1336 238 1371 cretae
263 1324 493 1370 bonorum
515 1322 847 1387 indignationes
867 1324 1221 1373 exaudiebantur
1235 1361 1248 1387 ‚
1270 1328 1398 1376 dein-

106 1398 162 1443 de
193 1396 248 1443 ad
286 1397 437 1442 Patres
473 1395 606 1442 etiam
643 1397 693 1443 &
719 1396 776 1442 ad
807 1397 1033 1459 publicam
1066 1398 1399 1461 querimoniam

105 1469 287 1518 excessit
307 1486 390 1517 res.
409 1468 599 1516 Incusati
613 1469 809 1533 graviter
827 1470 882 1516 ab
898 1469 1050 1518 senatu
1070 1472 1218 1521 aediles
1239 1477 1398 1525 trium-

105 1543 288 1606 virique
310 1542 546 1605 capitales,
564 1543 691 1605 quod
705 1559 801 1589 non
819 1543 1136 1606 prohiberent,
1150 1559 1252 1596 cum
1272 1566 1400 1599 emo·

107 1632 218 1665 vere
249 1633 344 1674 eam
373 1615 706 1662 multitudinem
742 1633 765 1662 e
794 1616 925 1675 foro,
947 1635 998 1665 ac
1026 1617 1229 1681 disjicere
1259 1640 1399 1686 appa*-

106 1700 229 1736 ratus
249 1689 476 1736 sacrorum
510 1688 662 1735 conati
685 1689 849 1749 effent,
889 1691 1007 1737 haud
1037 1694 1201 1755 procul
1229 1695 1398 1756 abfuit,

108 1758 219 1825 quin
243 1761 538 1808 violarentur.
573 1761 665 1808 Ubi
695 1763 926 1824 potentius
946 1762 1034 1825 jam
1055 1766 1139 1813 effe
1165 1765 1212 1813 id
1236 1770 1401 1817 malum

109 1835 344 1899 apparuit,
374 1851 510 1899 quam
544 1844 595 1881 ut
626 1833 828 1883 minores
864 1853 944 1899 per
972 1839 1250 1902 magistratus
1281 1842 1403 1889 seda-

110 1921 262 1968 retur,
295 1911 358 1955 M.
390 1908 532 1954 Atilio
563 1908 749 1971 praetori
780 1909 903 1956 urbis
933 1913 1167 1975 negotium
1195 1916 1250 1962 ab
1281 1917 1406 1964 sena-

112 1993 162 2028 tu
195 1982 349 2028 datum
379 1980 467 2039 est,
499 1992 548 2027 ut
569 1981 635 2029 his
658 1982 953 2046 religionibus
982 1986 1204 2048 populum
1237 1989 1405 2037 libera-‘

113 2066 197 2101 ret.
230 2057 268 2101 Is
299 2057 348 2103 &
376 2054 421 2100 in
454 2053 681 2101 concione
711 2054 1139 2105 senatusconsultum
1165 2062 1407 2125 recitavit,

114 2128 166 2174 &
201 2128 371 2187 edixit,
413 2132 508 2185 Ut,
547 2131 771 2190 quicunque
803 2133 931 2176 libros
964 2135 1170 2179 vaticinos
1194 2142 1409 2196 precatio·-

114 2200 257 2260 nefue,
286 2217 360 2246 aut
386 2216 512 2246 arcem
528 2202 805 2261 sacrificandi
832 2204 1102 2264 conscriptam
1128 2209 1316 2266 haberet,
1341 2230 1407 2257 eos

116 2274 243 2318 libros
276 2291 415 2319 onmes
451 2275 663 2334 literasc'lue
692 2276 754 2319 ad
773 2277 824 2334 fi
857 2291 952 2321 ame
980 2279 1206 2326 Kalendas
1235 2287 1410 2343 Apriles

117 2347 315 2406 deferret:
348 2368 428 2395 neu
452 2353 543 2411 quis
558 2385 571 2408 ,
597 2354 642 2396 in
660 2353 832 2412 publico
847 2350 1021 2413 sacrove
1050 2357 1140 2402 loco
1155 2344 1179 2416 ,v
1202 2376 1312 2404 novo
1334 2375 1409 2405 aut

122 2436 290 2466 externo
313 2425 393 2468 ritu
407 2425 677 2484 sacrificaret.

192 2495 243 2541 11.
279 2497 334 2542 Et
352 2497 528 2559 aliquot
553 2498 725 2560 publici
743 2493 992 2549 sacerdotes
1011 2497 1182 2551 mortui
1206 2520 1264 2550 eo
1283 2515 1405 2552 anno

1060 2574 1093 2619 P
1136 2591 1160 2617 2
