1628 2890
214 151 309 199 310
574 138 1130 189 T1T1L1x*11

210 248 441 296 Collinam
457 247 822 311 Esquilinamque
840 265 1012 312 ponere
1032 250 1169 299 castra
1190 269 1200 298 :
1224 252 1278 299 C.
1295 252 1494 316 Calpur-

211 324 337 369 nium
358 333 598 381 praetorem
622 321 842 368 urbanum
863 322 1097 385 Capitolio
1116 337 1248 388 atque
1267 326 1358 373 arci
1382 343 1494 389 prae-

212 395 325 440 effe:
351 395 401 440 &
428 393 626 440 senatum
659 392 935 458 frequentem
968 396 1013 442 in
1044 396 1150 443 foro
1181 398 1433 455 contineri,
1461 398 1495 444 fi

211 468 325 530 quid
344 467 390 512 in
423 478 513 513 tam
544 465 696 515 subitis
713 469 843 516 rebus
862 468 1068 516 consulto
1091 486 1204 532 opus
1230 471 1345 517 effer.
1374 474 1495 517 Inter

210 540 310 586 haec
335 537 560 585 Hannibal
584 538 638 584 ad
662 539 881 587 Anienem
902 540 1090 587 fluvium
1105 577 1117 597 ‚
1138 541 1218 587 tria
1240 543 1377 589 millia
1398 542 1496 604 pas·

211 613 340 661 suum
366 612 421 659 ab
445 611 585 666 urbe,
615 611 748 659 castra
772 613 992 662 admovit.
1028 612 1088 660 ibi
1117 613 1288 661 stativis
1316 616 1495 678 positis,

211 686 307 750 ipse
332 703 437 733 cum
463 685 640 733 duobus
664 686 860 735 millibus
887 688 1088 751 equitum
1114 705 1138 734 a
1166 699 1294 750 porta
1313 689 1496 736 Collina

213 759 352 822 usque
374 759 429 805 ad
458 758 665 806 Herculis
691 759 909 822 templum
940 760 1002 806 est
1029 761 1308 825 progress'us3
1331 774 1464 825 atque
1481 798 1497 819 ‚

213 833 336 880 unde
364 832 573 894 proxime
592 846 793 896 poterat,
814 834 984 881 moenia
1009 834 1228 895 situmque
1247 836 1370 882 urbis
1388 836 1500 882 obe·-

215 909 394 974 quitans
417 909 818 970 contemplabatur.
845 908 892 954 Id
918 925 1021 954 eum
1044 920 1132 954 tam
1156 907 1342 955 licenter
1365 920 1498 971 atque

215 982 363 1029 otiose
397 982 564 1040 facere,
595 982 757 1029 Flacco
793 981 1028 1044 indignum
1065 980 1211 1028 visum
1240 981 1313 1027 est,
1344 980 1496 1042 itaque

217 1054 399 1101 immifit
416 1055 610 1115 equites,
627 1052 976 1115 submoverique
994 1064 1126 1114 atque
1145 1051 1190 1098 in
1205 1051 1339 1099 castra
1355 1051 1497 1114 redigi

213 1128 413 1176 hostium
431 1128 677 1189 equitatum
698 1126 831 1188 juffit.
846 1128 963 1173 Cum
987 1125 1265 1173 commifl'um
1286 1125 1500 1188 proelium

215 1203 343 1260 esset,
367 1202 573 1250 consules
604 1201 851 1264 transfugas
871 1199 1170 1247 Numidarum
1187 1236 1200 1257 ‚
1225 1198 1303 1262 qui
1332 1211 1428 1246 tum
1449 1198 1498 1245 in

215 1276 450 1324 Aventino
477 1277 530 1322 ad
555 1274 677 1322 mille
706 1276 755 1322 &
787 1274 1004 1322 ducentos
1033 1282 1188 1326 erant,
1214 1269 1359 1316 media
1386 1270 1499 1317 urbe

216 1350 400 1396 tranfire
434 1348 651 1408 Esquilias
676 1347 914 1410 jufferunt3
943 1346 1095 1394 nullos
1129 1344 1348 1406 aptiores,
1379 1343 1499 1391 inter

214 1421 450 1468 convalles
471 1422 674 1484 tectaque
703 1419 940 1466 hortorum
970 1421 1020 1467 &
1040 1417 1237 1480 sepulcra
1267 1429 1345 1464 aut
1370 1433 1501 1464 cavas
1553 1435 1555 1438 ’

214 1494 419 1559 undique
452 1495 575 1552 vias,
608 1494 663 1540 ad
700 1493 989 1557 pugnandum
1029 1491 1206 1539 fiituros
1238 1491 1336 1538 rati.
1380 1505 1500 1554 quos

213 1585 322 1616 cum
352 1585 407 1615 ex
433 1585 534 1616 arce
565 1567 891 1630 Capitolioque
927 1568 1053 1616 clivo
1080 1566 1265 1631 publico
1296 1566 1342 1613 in
1370 1563 1499 1630 equis

215 1642 501 1690 decurrentes
531 1642 714 1706 quidam
745 1641 975 1700 vidissent,
1006 1653 1185 1704 captum
1218 1639 1503 1687 Aventinum

207 1714 633 1761 conclamaverunt.
655 1716 716 1760 Ea
738 1729 806 1759 res
827 1724 998 1761 tantum
1019 1712 1260 1760 tumultum
1280 1729 1331 1759 ac
1350 1711 1501 1774 fugam

213 1787 433 1850 praebuit‚
452 1800 529 1845 ut,
545 1786 625 1834 nisi
645 1785 780 1839 castra
798 1785 965 1833 Punica
984 1797 1107 1832 extra
1126 1785 1280 1831 urbem
1300 1784 1500 1842 fuissent,

215 1857 407 1906 effusura
433 1858 474 1905 se
502 1858 651 1905 omnis
671 1856 835 1919 pavida
862 1855 1106 1903 multitudo
1138 1855 1286 1902 fuerit.
1317 1869 1424 1902 tunc
1450 1856 1500 1902 in.

217 1933 381 1979 domos
402 1942 535 1991 atque
556 1931 601 1977 in
622 1931 733 1978 tecla
763 1928 1069 1993 refugiebant:
1095 1929 1319 1992 vagosque
1342 1928 1388 1974 in
1410 1927 1500 1976 viis

218 2006 320 2053 suos
333 2019 417 2065 pro
436 2003 637 2051 hostibus
658 2001 877 2065 lapidibus
895 2000 1081 2064 telisque
1097 2001 1379 2049 inceffebant.
1399 2002 1499 2048 Nec

217 2073 460 2135 comprimi
480 2074 696 2121 tumultus
718 2070 970 2137 aperirique
991 2089 1119 2120 error
1139 2084 1337 2136 poterat,
1359 2071 1500 2119 refer-2

218 2148 275 2193 tis
293 2147 525 2195 itineribus
546 2147 781 2212 agrestium
805 2147 935 2195 turba
954 2163 1285 2210 pecorumque,
1307 2163 1407 2209 quae
1425 2163 1498 2192 re-

213 2221 430 2283 pentinus
447 2238 594 2283 pavor
609 2222 654 2268 in
672 2223 828 2269 urbem
844 2221 1134 2284 compulerat.
1152 2220 1361 2283 Equestre
1377 2237 1500 2282 proe-

219 2292 330 2339 lium
359 2293 599 2341 secundum
626 2294 738 2353 fuit,
766 2294 1052 2358 submotique
1083 2293 1230 2340 hostes
1261 2293 1358 2339 sunt
1381 2308 1392 2337 .·’
1420 2294 1497 2350 &‚

219 2364 327 2426 quia
347 2364 496 2411 multis
517 2365 629 2412 locis
651 2365 979 2428 comprimendi
1004 2366 1218 2413 tumultus
1244 2379 1393 2424 erant,
1420 2364 1498 2429 qui

220 2446 387 2486 temere
410 2437 694 2496 oriebantur,
719 2437 911 2502 placuit,
934 2453 1113 2499 omnes9
1137 2436 1218 2502 qui
1237 2438 1500 2497 distatoreQ
