1628 2890
254 172 727 221 HISTORIARU
727 171 798 217 M
842 171 966 217 Lxss
1001 171 1044 216 3⁷
1027 170 1207 218 vIV.
1287 187 1368 232 173

96 282 262 346 Capuae
278 278 464 338 reliffls,
481 297 580 327 cum
604 291 756 326 cetero
775 278 980 326 exercitu
998 278 1053 324 ad
1073 277 1213 324 lacum
1230 279 1378 324 Aver-

97 357 144 402 ni
172 372 250 418 per
273 354 462 417 speciem
488 352 795 409 sacrificandi,
819 369 866 398 re
893 351 984 414 ipsa
1009 362 1059 398 ut
1078 362 1270 397 tentaret
1290 353 1379 397 Pu-

95 430 268 484 teolos,
298 429 515 493 quodque
537 428 597 475 ibi
620 425 811 490 praefidii
830 438 948 483 erat,
968 425 1205 472 descendit.
1226 426 1380 472 Maxi-

96 518 219 560 mus,
252 501 488 564 postquam
523 499 823 546 Hannibalem
857 498 990 560 Arpis
1020 497 1299 560 profedium,
1330 498 1381 545 &

98 573 270 637 regredi
299 573 346 620 in
385 572 706 652 Campaniam,
738 569 920 616 allatum
955 569 1043 628 est,
1078 586 1162 616 nec
1194 569 1265 615 die
1297 585 1383 616 nee

98 647 231 693 ηοξὶε
253 645 498 692 intermiffo
528 644 712 700 itinere,
738 643 793 689 ad
809 642 1056 689 exercitum
1077 640 1220 688 redit:
1244 643 1294 689 &
1311 641 1386 689 Ti.

99 719 354 765 Gracchum
388 719 442 764 ab
474 716 663 764 Luceria
695 717 1006 761 Beneventum
1034 712 1188 775 copias
1222 713 1385 760 admo-

100 782 237 849 vere,
267 792 324 851 Q
346 789 528 836 Fabium
557 799 798 851 praetorem
822 785 893 850 (is
910 783 1028 831 filius
1047 784 1243 831 consulis
1263 785 1382 848 erat)

101 864 333 911 Luceriam
353 861 567 909 Graccho
599 859 834 906 succedere
853 858 992 920 jubet.
1023 858 1071 902 In
1090 855 1284 903 Siciliam
1305 874 1384 904 eo-

102 936 202 982 dem
222 948 429 998 tempore
449 934 539 980 duo
573 942 789 994 praetores
821 927 1010 992 profeffi
1027 961 1043 984 ,
1071 927 1117 972 P.
1140 926 1384 975 Cornelius

102 1009 157 1056 ad
181 1009 426 1056 exercitum
440 1043 454 1065 ‚
486 1004 732 1062 Otacilius,
753 1003 831 1068 qui
852 1001 1085 1049 maritimae
1116 1016 1209 1046 01·ae
1230 1000 1382 1064 reique

108 1082 257 1131 navali
284 1080 514 1145 praeessem
543 1080 593 1126 &
621 1078 757 1125 ceteri
788 1076 835 1122 in
866 1074 960 1121 suas
982 1072 1168 1138 quisque
1193 1074 1386 1136 provin-

106 1156 196 1203 cias
236 1153 438 1218 profeffi.
486 1154 569 1210 &‚
614 1150 775 1215 quibus
812 1160 1108 1212 prorogatum
1147 1146 1389 1209 imperium

105 1241 227 1285 erat,
260 1227 431 1274 easdem
452 1261 466 1286 ‚
504 1241 611 1289 quas
648 1223 802 1288 priore
833 1237 954 1269 anno
975 1257 990 1279 ,
1026 1220 1233 1285 regiones
1266 1221 1389 1268 obti-

106 1313 313 1348 nuerunt.

189 1375 308 1420 XHI.
345 1371 414 1418 Ad
443 1369 778 1427 Hannibalem,
808 1386 911 1418 cum
948 1368 1003 1416 ad
1032 1367 1178 1414 lacum
1218 1368 1392 1415 Averni

107 1445 243 1504 esset,
272 1445 470 1508 quinque
499 1442 677 1489 nobiles
711 1442 896 1501 juvenes
927 1441 983 1489 ab
1012 1441 1214 1486 Tarento
1247 1457 1391 1486 vene-

109 1531 236 1578 runt,
254 1517 414 1582 partim
436 1517 492 1563 ad
507 1514 815 1561 Trasimenum
833 1515 980 1561 lacurn
992 1549 1006 1570 ,
1025 1512 1186 1576 partim
1205 1513 1260 1558 ad
1274 1512 1391 1559 Cano

110 1608 189 1638 nas
218 1592 334 1654 capti
348 1627 364 1649 ‚
385 1588 635 1651 dimiffique
667 1587 831 1634 domos
855 1603 958 1633 cum
978 1586 1131 1632 eadem
1153 1586 1392 1646 comitate,

111 1682 201 1730 qua
227 1664 328 1711 usus
354 1661 561 1710 adversus
595 1677 752 1708 omnes
772 1662 1087 1708 Rornanorum
1117 1659 1266 1707 socios
1287 1662 1393 1707 Ροε-

113 1756 196 1786 nus
234 1737 391 1785 fuerat.
428 1736 493 1794 li,
529 1754 721 1781 memores
752 1737 1032 1795 beneficiorum
1064 1734 1155 1790 ejus
1180 1733 1395 1799 perpuliffi

114 1831 312 1875 magnam
342 1827 502 1872 partem
523 1811 574 1871 se
596 1810 832 1865 juventutis
862 1810 1122 1864 Tarentinae,
1165 1805 1396 1865 referunt,

115 1903 161 1932 ut
196 1887 459 1931 Hannibalis
489 1884 721 1928 amicitiam
762 1901 811 1927 ac
842 1882 1108 1941 societatem,
1151 1899 1275 1940 quam
1312 1899 1395 1940 po-

110 1962 208 2020 puli
225 1959 437 2014 Romani,
473 1960 645 2002 mallent
658 1975 678 2011 ,-
708 1956 933 2017 legatosque
963 1956 1016 1999 ab
1033 1954 1130 2013 suis
1158 1952 1295 2016 miffbs
1329 1972 1397 1999 ro-

116 2050 211 2094 gare
231 2033 540 2087 Hannibalem,
570 2045 616 2075 ut
641 2030 859 2075 exercitum
878 2031 1052 2089 propius
1083 2030 1303 2073 Tarentum
1322 2030 1398 2073 ad-

119 2121 295 2151 moveat.
328 2106 380 2150 Si
398 2095 528 2167 signa
559 2102 680 2160 ejus,
727 2120 744 2145 z
779 2102 908 2167 castra
939 2099 1148 2160 conspec‘t'a
1177 2119 1204 2144 a
1223 2102 1399 2146 Tarento

107 2178 202 2243 sint
222 2211 236 2232 ,
268 2177 384 2221 haud
399 2178 530 2221 ullam
559 2172 856 2236 interceffuram
887 2191 1044 2218 moram
1062 2207 1076 2229 ,
1103 2172 1205 2232 quin
1222 2174 1316 2217 urbs
1333 2175 1400 2217 de·

120 2256 255 2299 datur.
291 2255 343 2297 In
363 2252 553 2316 potestate
571 2251 795 2311 juniorum
821 2251 978 2309 plebem
997 2285 1010 2305 ‚
1043 2253 1089 2295 in
1114 2267 1244 2293 manu
1264 2251 1400 2309 plebis

122 2343 200 2369 rem
223 2325 491 2369 Tarentinam
509 2321 592 2386 effi.
623 2322 845 2368 Hannibal
863 2321 1142 2370 collaudatos
1163 2338 1241 2368 eos
1255 2359 1267 2380 ‚
1287 2338 1401 2367 one-

122 2397 328 2461 ratosque
367 2398 622 2462 ingentibus
652 2398 909 2462 promissis,
942 2399 1128 2445 domum
1162 2398 1216 2444 ad
1250 2409 1402 2460 coepta

124 2472 387 2520 maturanda
416 2472 560 2519 redire
595 2470 743 2534 jubet:
786 2471 896 2519 sein
927 2483 1129 2535 tempore
1165 2470 1403 2518 affuturum
