1628 2890
290 123 833 172 HISTORIARUM
881 124 1005 169 LIB.
1042 122 1235 169 XXVI.
1306 138 1398 186 317

114 235 158 282 δ’
184 238 343 301 honesta
370 235 412 283 δ’
433 238 558 281 libera
586 237 645 281 ad
670 250 849 280 mortem.
881 229 924 277 δ’
952 232 1034 296 iffi
1050 234 1238 276 virtutem
1266 225 1399 276 mira-

115 298 436 372 btmtuflzosies,
461 305 503 352 δ’
522 308 752 353 Hannibal
762 304 1049 364 fhrtessbcios
1065 303 1178 364 sciet
1198 303 1306 363 abs&
1326 305 1401 349 de-

103 381 241 440 fi‘rtos
260 398 309 426 ac
321 383 512 440 prodicos
531 378 615 443 ffe-

180 455 306 499 XIV.
349 455 475 502 Hanc
513 453 769 500 orationem
803 450 946 498 Virrii
978 450 1128 514 plures
1164 449 1402 498 audierunt

114 544 219 577 cum
251 527 445 583 assensu,
478 545 609 591 quam
647 527 754 574 forti
789 527 942 573 animo
974 527 1048 583 id,
1078 527 1205 589 quod
1236 523 1404 589 proba-
1464 562 1469 568 .

115 600 224 647 bant
239 638 253 657 ‚
275 601 452 659 exsequi
481 612 741 663 potuerunt.
774 598 924 660 Major
946 616 1043 662 pars
1073 598 1270 657 senatus,
1289 598 1404 644 mul-

113 672 170 718 tis
187 672 300 736 saepe
321 672 448 719 bellis
467 685 696 735 expertam
717 671 878 734 populi
898 671 1097 717 Romani
1121 669 1406 717 clementiam

116 747 237 792 haud
259 746 508 792 diffidentes
528 746 606 793 fibi
631 761 814 808 quoque
844 745 1108 806 placabilem
1131 745 1228 792 fore
1245 781 1258 803 ‚
1279 745 1403 807 lega-

116 831 191 865 tos
223 820 278 865 ad
313 819 556 866 dedendam
590 819 810 866 Romanis
839 820 1037 881 Capuam
1074 819 1403 870 decreverunt,

118 891 436 955 miseruntque.
476 895 515 938 V
519 891 658 938 ibium
698 890 902 937 Virrium
942 890 1109 953 septem
1149 891 1199 936 &
1240 889 1405 952 viginti

118 963 257 1010 ferme
275 964 499 1011 senatores
517 965 703 1010 domum
722 963 860 1010 secuti
881 963 1004 1021 sunt,
1025 962 1281 1026 epulatique
1303 979 1404 1008 cum

121 1054 208 1090 θος
235 1039 284 1084 &
301 1073 316 1096 ‚
343 1050 561 1101 quantum
592 1035 736 1084 facere
765 1049 1030 1100 potuerant,
1048 1035 1248 1083 alienatis
1277 1051 1407 1081 men-

117 1112 237 1159 tibus
275 1113 390 1159 vino
425 1112 479 1158 ab
522 1112 798 1160 imminentis
833 1111 958 1159 sensu
997 1111 1132 1169 mali,
1174 1126 1403 1158 venenum

121 1200 278 1232 omnes
314 1183 594 1232 sumserunt:
630 1185 733 1232 inde
775 1186 905 1232 miffo
943 1184 1202 1242 convivio,
1240 1184 1409 1231 dextris

122 1259 241 1305 inter
262 1259 303 1305 se
321 1258 458 1317 datis,
478 1258 736 1323 ultimoque
758 1258 1030 1322 complexu,
1050 1257 1410 1306 collacrimant‘es

122 1334 249 1380 suum
279 1333 522 1395 patriaeque
554 1333 729 1391 casum,
755 1334 829 1380 alii
847 1369 861 1392 ‚
890 1344 941 1380 ut
970 1333 1131 1380 eodem
1161 1348 1276 1396 rogo
1313 1350 1412 1380 cre-

122 1419 349 1454 marentur
363 1442 376 1463 ‚
395 1405 676 1463 manserunt3
707 1407 781 1453 alii
802 1408 965 1453 domos
987 1406 1158 1469 digreffi
1190 1405 1300 1453 sunt.
1322 1408 1412 1452 Im·-

122 1481 254 1543 pletae
275 1479 384 1526 cibis
411 1479 617 1542 vinoque
647 1496 780 1529 venae
800 1479 947 1525 minus
979 1479 1205 1526 efficacem
1240 1479 1287 1524 in
1313 1496 1412 1526 ma-

122 1552 314 1599 turanda
337 1564 484 1597 morte
505 1552 601 1597 vim
628 1553 795 1598 veneni
818 1552 1038 1600 fecerunt.
1062 1551 1210 1615 itaque
1232 1552 1413 1600 noitem

123 1638 264 1672 totam
289 1624 492 1687 plerique
520 1640 707 1684 eorum,
739 1626 789 1673 &
817 1625 906 1672 diei
936 1623 1208 1689 insequentis
1238 1638 1413 1688 partem

125 1714 226 1746 cum
267 1697 459 1743 animam
499 1697 709 1760 egissent;
747 1715 904 1745 omnes
943 1710 1113 1755 tamen,
1157 1699 1413 1762 priusquam

126 1772 403 1836 aperirentur
442 1772 642 1818 hostibus
681 1785 855 1836 portae,
893 1773 1191 1837 exspirarunt.
1227 1775 1415 1822 Postero

129 1845 200 1892 die
221 1858 350 1908 porta
369 1846 495 1892 Jovis
513 1881 526 1901 ‚
549 1863 649 1909 quae
667 1846 876 1894 adversus
903 1847 1039 1894 castra
1059 1842 1264 1895 Romania
1290 1862 1383 1895 erat
1400 1885 1416 1908 ‚

126 1916 242 1979 juffu
258 1916 544 1979 proconsulis
571 1930 719 1979 aperta
747 1918 821 1965 est.
846 1935 896 1965 ea
920 1918 1166 1966 intromissa
1185 1921 1303 1983 legio
1327 1939 1415 1967 una

129 1991 180 2036 &
199 1989 296 2035 duae
321 1989 402 2034 211ae
418 2025 431 2044 ‚
449 2007 549 2035 cum
568 1991 622 2036 C.
642 1991 805 2038 Fulvio
823 1992 984 2055 legato.
1005 1995 1065 2050 Is,
1086 2009 1187 2039 cum
1208 1993 1415 2040 omnium

129 2063 325 2125 primum
360 2079 482 2108 arma
515 2063 722 2126 telaque,
755 2081 858 2126 quae
891 2065 1060 2127 Capuae
1097 2077 1252 2123 erant,
1283 2067 1339 2112 ad
1371 2066 1415 2114 se

129 2136 403 2183 conferenda
423 2136 610 2182 curaffet
626 2171 639 2193 ‚
662 2137 873 2183 custodiis
893 2139 947 2183 ad
970 2154 1128 2184 omnes
1149 2152 1304 2202 portas
1323 2141 1415 2187 dis-

130 2207 314 2271 positis,
341 2224 396 2253 ne
427 2208 525 2269 quis
555 2207 678 2254 exire
702 2223 777 2254 aut
803 2209 945 2255 emitti
977 2210 1144 2273 posset,
1166 2212 1418 2274 praefidium

131 2282 353 2329 Punicum
376 2281 745 2343 comprehendit,
766 2282 963 2329 senatum
984 2285 1263 2347 Campanum
1288 2286 1351 2334 ire
1370 2288 1419 2335 in

128 2354 268 2401 castra
289 2355 343 2401 ad
363 2355 656 2417 imperatores
676 2357 911 2403 Romanos
929 2356 1058 2419 juffit.
1092 2375 1186 2422 quo
1207 2376 1309 2406 cum
1332 2377 1418 2408 ve-

133 2427 318 2489 nissent,
337 2431 563 2494 extemplo
580 2427 649 2479 his
667 2430 879 2479 omnibus
897 2442 1066 2480 catenae
1085 2431 1258 2496 injefihe
1272 2468 1285 2492 ,
1299 2433 1417 2495 juffi·
