1628 2890
266 123 802 207 HisToatARUM
847 151 974 197 Lm.
1020 151 1196 199 xxu.
1316 169 1377 216 29

93 255 379 305 venientibus
402 256 519 303 haud
539 255 639 302 sane
660 255 864 303 intrabile
883 257 1008 317 esset,
1030 257 1075 303 in
1096 257 1201 305 litus
1225 258 1378 321 paffim

93 345 233 377 naves
253 322 437 391 egerunt
456 346 466 374 ε
495 340 624 391 atque
643 328 717 375 alii
739 329 890 386 vadis,
911 330 983 376 alii
1004 330 1123 378 sicco
1142 330 1275 377 litore
1295 348 1378 378 ex—

93 400 237 462 cepti,
255 399 413 462 partim
441 401 622 459 armati,
641 401 799 463 partim
820 400 1033 462 inermes,
1050 404 1105 451 ad
1125 403 1377 452 instruCtam

90 491 169 537 per
188 475 291 520 litus
316 474 458 521 aciem
478 475 661 521 suorum
681 474 929 539 perfugere.
964 479 1097 525 Duae
1117 491 1261 526 tamen
1281 478 1377 543 pri-

90 564 167 595 mo
190 548 412 594 concursu
446 560 603 611 captae
635 559 761 594 erant
780 548 959 597 Punicae
989 567 1154 608 naves,
1180 563 1378 616 quatuor

90 617 337 681 suppressae.

152 694 262 740 XX.
292 692 515 750 Romani,
535 709 790 757 quanquam
807 704 922 740 terra
943 692 1140 741 hostium
1161 707 1277 754 erat,
1304 713 1375 743 ar-

89 783 344 829 matamque
372 766 514 813 aciem
546 777 649 812 toto
678 777 944 829 praetentam
978 766 1025 813 in
1054 766 1187 815 litore
1223 785 1375 816 cerne-

89 839 224 894 bant,
256 837 375 883 haud
409 837 668 884 cunctanter
704 837 892 885 insecuti
924 838 1143 902 trepidam
1177 839 1378 888 hostium

88 910 287 967 classem,
321 926 459 959 naves
489 926 677 969 omneS‚
708 928 809 975 quae
842 928 939 958 non
968 924 1043 959 aut
1072 911 1377 977 perfregerant

90 1000 246 1047 proras
267 983 400 1029 litore
425 982 587 1039 illisas,
611 996 686 1030 aut
713 985 882 1032 carinas
910 984 1101 1033 fixerant
1121 986 1278 1045 vadis,
1308 1004 1376 1033 re·

90 1058 241 1121 ligatas
258 1056 480 1119 puppibus
504 1055 550 1103 in
581 1056 719 1104 altum
750 1071 999 1107 extraxere.
1031 1060 1086 1105 ad
1107 1059 1308 1124 quinque
1324 1061 1376 1108 δε

91 1129 253 1196 viginti
274 1145 413 1175 naves
436 1145 492 1174 ex
513 1130 805 1193 quadraginta
825 1145 996 1195 cepere.
1025 1133 1187 1195 Neque
1208 1133 1254 1179 id
1270 1134 1375 1197 pul-

89 1201 359 1250 cherrimum
390 1202 484 1249 eius
517 1202 723 1250 victoriae
751 1203 866 1260 fuit,
898 1203 972 1250 sed
1000 1206 1127 1269 quod
1160 1224 1249 1253 una
1281 1207 1377 1254 levi

90 1293 238 1341 pugna
272 1287 375 1322 toto
406 1276 498 1322 eius
525 1292 620 1322 orae
654 1276 767 1322 mari
799 1276 934 1340 potiti
966 1290 1106 1325 erant.
1140 1278 1292 1342 itaque
1320 1279 1376 1326 ad

89 1348 350 1396 Honoscam
375 1348 504 1396 classe
531 1350 764 1413 provecti,
794 1350 1083 1400 exscensione
1101 1351 1155 1399 ab
1179 1353 1375 1400 navibus

88 1421 134 1469 in
156 1435 318 1470 terram
344 1421 483 1478 facta,
506 1440 609 1470 cum
638 1423 796 1469 urbem
827 1423 874 1471 vi
903 1423 1141 1487 cepissent,
1173 1436 1375 1488 captam-

89 1511 177 1560 que
205 1493 508 1557 diripuissent,
539 1494 857 1557 Carthaginem
880 1494 983 1542 inde
1006 1508 1197 1559 petunt:
1217 1508 1376 1561 atque,

88 1587 272 1617 omnem
315 1586 469 1632 agrum
507 1568 629 1615 circa
665 1569 956 1633 depopulati,
989 1570 1222 1635 postremo
1263 1572 1376 1619 tecta

89 1659 275 1709 quoque
322 1641 561 1703 conjuncta
607 1659 742 1690 muro
788 1642 1020 1707 portisque
1062 1644 1375 1694 incenderunt.

87 1720 196 1766 Inde
228 1717 315 1780 jam
345 1717 495 1781 praeda
529 1716 680 1781 gravis
711 1718 767 1764 ad
800 1718 1134 1782 Longunticam
1166 1719 1376 1781 pervenit

32 1810 35 1814 ¹
89 1790 256 1838 claffis:
278 1789 356 1835 ubi
377 1789 445 1835 vis
466 1806 626 1852 magna
648 1788 782 1852 sparti
812 1790 866 1836 ad
893 1806 988 1836 rem
1016 1790 1241 1837 nauticam
1264 1807 1375 1837 con-

90 1863 208 1927 gesta
226 1864 280 1910 ab
310 1862 596 1910 Hasdrubale.
632 1863 760 1926 quod
786 1863 885 1910 satis
906 1864 952 1910 in
978 1863 1106 1911 usum
1138 1864 1250 1923 fuit,
1271 1864 1375 1910 sub·

90 1936 211 1994 lato,
232 1947 428 1983 ceterum
453 1951 590 1981 omne
617 1935 843 1983 incensum
867 1936 941 1984 est.
971 1939 1069 1984 Nec
1098 1937 1375 1984 continentis

89 2010 233 2057 modo
259 2010 475 2073 projectas
505 2026 607 2056 oras
635 2013 926 2072 praetervecta
946 2048 958 2070 ‚
993 2012 1067 2057 sed
1102 2011 1149 2057 in
1182 2010 1376 2056 Ebusum

89 2083 275 2130 insulam
314 2083 619 2131 transmissum.
648 2085 725 2130 ubi
753 2087 890 2143 urbe„
918 2104 1020 2150 quae
1052 2097 1186 2147 caput
1223 2085 1376 2131 insulae

89 2156 178 2215 est,
201 2156 387 2203 biduum
417 2156 721 2220 nequidquam
751 2157 926 2204 summo
952 2158 1108 2205 labore
1136 2175 1375 2221 oppugna-

89 2243 160 2289 ta,
178 2231 255 2277 ubi
279 2231 325 2276 in
355 2230 474 2293 spem
499 2230 668 2276 irritam
694 2229 852 2277 frustra
871 2233 954 2278 teri
976 2245 1151 2295 tempus
1176 2231 1377 2277 animad-

88 2304 268 2351 versum
301 2304 391 2362 est,
422 2304 479 2351 ad
514 2303 858 2368 populationem
890 2305 984 2368 agri
1016 2305 1159 2362 versi,
1191 2303 1376 2364 direptis

92 2378 268 2441 aliquot
289 2378 565 2441 incensisque
593 2378 736 2434 vici5‚
760 2378 955 2442 majore,
979 2395 1111 2442 quam
1140 2394 1194 2424 ex
1223 2376 1377 2424 conti-

97 2450 247 2511 nenti,
275 2452 434 2514 praeda
462 2464 615 2515 parta,
646 2469 747 2500 cum
777 2450 822 2497 in
851 2466 990 2500 naves
1021 2450 1060 2495 se
1093 2448 1378 2511 recepissent,
