1628 2890
213 101 238 148 8
563 90 1130 140 ΤΙνΤΙΙΑΙνΙΙ

211 209 328 265 Abi,
362 207 543 260 numia,
560 202 734 267 signum
771 199 997 264 effodiant,
1015 200 1067 264 si
1099 204 1159 246 ad
1190 203 1498 246 convellendum

211 297 362 326 manus
377 296 464 339 prae
498 292 605 320 metu
644 274 935 334 obterpuerint.
968 272 1175 319 Incedere
1212 272 1315 318 inde
1342 288 1499 335 agmen

214 352 381 415 coepit3
411 344 871 411 primoribusssupcr
901 361 1034 407 quam
1067 345 1193 406 quod
1218 343 1502 390 dissenserant

212 442 237 471 a
251 421 446 471 consilio
462 455 476 478 ,
497 417 661 465 territis
689 417 822 464 etiam
844 416 1016 479 dupiici
1034 416 1271 480 prodigio3
1294 415 1436 462 milite
1454 415 1502 463 in
1530 409 1535 425 ⁵

212 497 374 559 vulgus
403 493 509 539 laeto
537 492 706 539 ferocia
737 491 861 539 ducis
879 526 892 549 ‚
916 507 1018 538 cum
1040 490 1160 554 spem
1181 490 1318 602 inagis
1337 489 1501 553 ipsam,‘

211 585 346 632 quam
367 564 540 613 causam
561 564 681 628 spei,
715 564 984 610 intueretur.
1104 578 1137 597 *ἃ

294 643 373 686 IV.
417 637 673 694 Hannibal,
706 636 834 700 quod
869 634 965 699 agri
1004 634 1065 681 est
1097 634 1212 682 inter
1247 635 1506 682 Cortonam

216 714 377 761 urbem
417 711 816 772 Trasimenumque
856 708 1036 765 laeum,
1076 707 1201 756 omni
1239 707 1362 755 clade
1400 707 1507 754 belli

217 784 474 849 pervastat‚
511 801 604 846 quo
637 783 776 847 tnagis
815 782 928 829 iram
966 782 1084 848 hosti
1120 783 1175 829 ad
1211 782 1506 847 vindicandas

220 858 450 905 sociorum
471 855 653 918 injurias
671 867 813 903 acuat.
841 858 898 903 Et
916 854 1001 917 jam
1019 868 1318 919 pervenerant
1334 856 1388 902 ad
1405 855 1509 903 loca

220 933 390 980 insidiis
410 944 511 979 nata
527 967 539 989 ,
560 931 636 978 ubi
654 932 847 978 maxime
871 945 1049 978 montes
1069 930 1377 978 Cortonenses
1395 929 1508 976 Tra-

223 1007 415 1053 simenus
435 1005 563 1052 subit.
596 1006 672 1052 via
688 1017 861 1052 tanturn
883 1005 1063 1051 interest
1080 1002 1363 1067 parangusta,
1383 1001 1511 1050 velut

226 1079 282 1126 ad
299 1079 345 1124 id
364 1079 505 1141 ipsum
527 1078 580 1124 de
599 1077 811 1124 industria
829 1077 985 1124 reliGm
1006 1076 1147 1139 spatio
1167 1094 1177 1122 :
1199 1074 1356 1121 deinde
1374 1074 1512 1137 paulo

227 1151 364 1198 latior
404 1152 586 1214 patescit
620 1167 832 1214 campus,
854 1151 957 1197 inde
990 1150 1130 1197 colles
1165 1149 1403 1212 assurgunt.
1446 1147 1513 1194 Ibi

229 1223 370 1271 castra
401 1224 446 1270 in
479 1236 634 1287 aperto
668 1225 814 1282 locat,
845 1223 921 1270 ubi
955 1222 1046 1285 ipse
1087 1238 1190 1269 cum
1221 1219 1340 1266 Afris
1372 1217 1515 1265 modo

230 1297 525 1362 Hispanisque
551 1297 815 1346 consideret.
841 1296 1033 1343 Baliares
1055 1306 1337 1356 ceteramque
1365 1292 1518 1340 levem

232 1386 502 1418 armaturam
540 1371 640 1434 post
674 1383 851 1417 montes
889 1367 1222 1416 circumducit:
1260 1365 1433 1428 equites
1463 1363 1518 1411 ad

232 1444 346 1508 ipsas
376 1445 526 1493 fauces
550 1444 682 1492 saltus
698 1480 712 1500 9
731 1442 914 1490 tumulis
945 1455 1045 1505 apte
1071 1439 1346 1504 tegentibus,
1367 1437 1520 1493 locat3
1556 1431 1567 1436 ”

235 1532 308 1578 ut,
329 1520 407 1566 ubi
428 1520 654 1566 intrassent
674 1518 901 1575 Romani,
922 1515 1102 1578 objeffio
1123 1514 1354 1577 equitatu,
1374 1510 1522 1559 clausa

237 1588 392 1640 omnia
420 1594 522 1641 lacu
545 1611 597 1642 ac
617 1593 846 1641 montibus
865 1592 1014 1638 effent.
1036 1588 1278 1636 Flaminius
1310 1604 1412 1633 cum
1432 1585 1524 1648 pri-

239 1666 309 1712 die
334 1665 438 1713 solis
460 1666 622 1714 occasu
640 1667 696 1713 ad
718 1666 865 1714 lacum
889 1663 1185 1728 pervenisset,
1206 1660 1525 1723 inexplorato,

239 1739 421 1802 postero
457 1740 526 1786 die
540 1776 553 1796 ‚
591 1739 672 1787 vix
709 1739 813 1787 dum
859 1738 958 1785 satis
995 1752 1115 1784 certa
1150 1736 1274 1792 luce,
1314 1732 1525 1796 angustiis

240 1811 452 1875 superatis
470 1849 483 1869 ,
503 1812 737 1875 postquam
769 1813 814 1858 in
838 1810 1136 1874 patentiorem
1163 1825 1369 1870 campum
1390 1805 1539 1868 pandi·

242 1901 399 1947 agmen
428 1883 569 1945 coepit
582 1920 595 1941 ‚
616 1884 661 1929 id
686 1895 859 1929 tantum
879 1881 1072 1928 hostium
1089 1917 1104 1938 ‚
1123 1879 1247 1943 quod
1266 1895 1320 1925 ex
1337 1875 1527 1924 adverso

241 1967 368 2012 erat,
385 1955 651 2016 conspexit:
678 1955 732 2000 ab
752 1967 881 2018 tergo
909 1955 958 2001 ὃς
987 1953 1114 2015 super
1145 1963 1281 2014 caput
1311 1950 1527 2012 decepere

243 2028 424 2074 infidiae.
454 2030 622 2075 Poenus
643 2028 717 2074 ubi
735 2064 748 2086 ,
768 2028 811 2073 id
833 2027 957 2089 quod
978 2025 1189 2089 petierat,
1212 2022 1411 2070 clausum
1430 2020 1531 2067 lacu

244 2116 295 2145 ac
321 2099 550 2146 montibus
568 2102 616 2148 δέ
637 2098 953 2147 circumfusum
978 2097 1064 2145 suis
1094 2096 1238 2159 copiis
1262 2094 1416 2141 habuit
1442 2092 1532 2138 ho-

244 2171 384 2227 stem,
423 2171 592 2234 signum
630 2172 839 2218 omnibus
879 2171 954 2216 dat
985 2168 1111 2216 simul
1146 2165 1405 2216 invadendi.
1454 2162 1532 2227 qui

246 2243 353 2300 ubi,
372 2260 458 2306 qua
493 2244 652 2306 cuique
682 2243 942 2306 proximum
978 2242 1094 2298 fuit,
1117 2241 1410 2291 decucurrere
1431 2272 1444 2293 ‚
1475 2252 1532 2281 eo

247 2317 383 2379 magis
425 2316 640 2362 Romanis
684 2316 824 2362 subita
862 2328 992 2379 atque
1027 2313 1276 2378 improvisa
1311 2329 1378 2358 res
1413 2309 1497 2356 fuit
1517 2343 1531 2366 ‚

244 2389 371 2453 quod
389 2405 488 2437 orta
512 2406 567 2436 ex
587 2389 687 2438 lacu
707 2388 871 2437 nebula
893 2404 1054 2452 campo
1072 2424 1086 2448 ,
1116 2403 1251 2452 quam
1270 2383 1500 2431 montibus
1519 2412 1532 2436 ‚
