<?xml version="1.0" encoding="UTF-8"?>
<!DOCTYPE html PUBLIC "-//W3C//DTD XHTML 1.0 Transitional//EN"
    "http://www.w3.org/TR/xhtml1/DTD/xhtml1-transitional.dtd">
<html xmlns="http://www.w3.org/1999/xhtml" xml:lang="en" lang="en">
 <head>
  <title>
</title>
<meta http-equiv="Content-Type" content="text/html;charset=utf-8" />
  <meta name='ocr-system' content='tesseract 3.04.00' />
  <meta name='ocr-capabilities' content='ocr_page ocr_carea ocr_par ocr_line ocrx_word'/>
</head>
<body>
  <div class='ocr_page' id='page_1' title='image "./historiarumlibri04livyuoft_0191.png"; bbox 0 0 1628 2890; ppageno 0'>
   <div class='ocr_carea' id='block_1_1' title="bbox 208 153 1367 252">
    <p class='ocr_par' dir='ltr' id='par_1_1' title="bbox 208 153 1367 252">
     <span class='ocr_line' id='line_1_1' title="bbox 208 153 1367 252; baseline -0.003 -13"><span class='ocrx_word' id='word_1_1' title='bbox 208 189 809 239; x_wconf 70' lang='lat' dir='ltr'>H-lsromARUM</span> <span class='ocrx_word' id='word_1_2' title='bbox 848 153 1208 235; x_wconf 65' lang='lat' dir='ltr'>LIB.X&#39;X1V.</span> <span class='ocrx_word' id='word_1_3' title='bbox 1284 188 1367 252; x_wconf 70' lang='lat'>183</span> 
     </span>
    </p>
   </div>
   <div class='ocr_carea' id='block_1_2' title="bbox 80 293 1379 2547">
    <p class='ocr_par' dir='ltr' id='par_1_2' title="bbox 82 293 1378 926">
     <span class='ocr_line' id='line_1_2' title="bbox 84 293 1378 360; baseline 0 -16"><span class='ocrx_word' id='word_1_4' title='bbox 84 295 180 344; x_wconf 85' lang='lat' dir='ltr'>fieri</span> <span class='ocrx_word' id='word_1_5' title='bbox 215 307 364 360; x_wconf 85' lang='lat' dir='ltr'>coepta</span> <span class='ocrx_word' id='word_1_6' title='bbox 400 293 476 342; x_wconf 87' lang='lat' dir='ltr'>est.</span> <span class='ocrx_word' id='word_1_7' title='bbox 524 293 870 358; x_wconf 82' lang='lat' dir='ltr'>Quinquaginta</span> <span class='ocrx_word' id='word_1_8' title='bbox 907 293 1000 340; x_wconf 85' lang='lat' dir='ltr'>fere</span> <span class='ocrx_word' id='word_1_9' title='bbox 1034 293 1184 356; x_wconf 91' lang='lat' dir='ltr'>primo</span> <span class='ocrx_word' id='word_1_10' title='bbox 1218 293 1378 358; x_wconf 79' lang='lat' dir='ltr'>egreffi,</span> 
     </span>
     <span class='ocr_line' id='line_1_3' title="bbox 85 360 1375 433; baseline -0.002 -18"><span class='ocrx_word' id='word_1_11' title='bbox 85 371 420 433; x_wconf 73' lang='lat' dir='ltr'><strong>Campanorum</strong></span> <span class='ocrx_word' id='word_1_12' title='bbox 438 405 454 426; x_wconf 83' lang='lat'><strong><em>,</em></strong></span> <span class='ocrx_word' id='word_1_13' title='bbox 480 385 583 415; x_wconf 86' lang='lat' dir='ltr'>cum</span> <span class='ocrx_word' id='word_1_14' title='bbox 611 368 669 414; x_wconf 87' lang='lat' dir='ltr'>ad</span> <span class='ocrx_word' id='word_1_15' title='bbox 689 368 870 414; x_wconf 87' lang='lat' dir='ltr'>Fabium</span> <span class='ocrx_word' id='word_1_16' title='bbox 900 360 1201 430; x_wconf 65' lang='lat' dir='ltr'>confugissent</span> <span class='ocrx_word' id='word_1_17' title='bbox 1217 402 1233 426; x_wconf 82' lang='lat'>‚</span> <span class='ocrx_word' id='word_1_18' title='bbox 1260 384 1375 430; x_wconf 81' lang='lat' dir='ltr'>prae-</span> 
     </span>
     <span class='ocr_line' id='line_1_4' title="bbox 82 440 1376 505; baseline -0.001 -16"><span class='ocrx_word' id='word_1_19' title='bbox 82 442 196 490; x_wconf 81' lang='lat' dir='ltr'>fidio</span> <span class='ocrx_word' id='word_1_20' title='bbox 231 441 324 503; x_wconf 86' lang='lat' dir='ltr'>ejus</span> <span class='ocrx_word' id='word_1_21' title='bbox 354 442 561 505; x_wconf 86' lang='lat' dir='ltr'>Capuam</span> <span class='ocrx_word' id='word_1_22' title='bbox 599 455 921 504; x_wconf 88' lang='lat' dir='ltr'>pervenerunt.</span> <span class='ocrx_word' id='word_1_23' title='bbox 957 440 1232 499; x_wconf 73' lang='lat' dir='ltr'>Casilinum,</span> <span class='ocrx_word' id='word_1_24' title='bbox 1256 441 1376 488; x_wconf 82' lang='lat' dir='ltr'>inter</span> 
     </span>
     <span class='ocr_line' id='line_1_5' title="bbox 83 513 1376 579; baseline -0.001 -15"><span class='ocrx_word' id='word_1_25' title='bbox 83 515 315 579; x_wconf 86' lang='lat' dir='ltr'>colloquia</span> <span class='ocrx_word' id='word_1_26' title='bbox 350 514 773 578; x_wconf 65' lang='lat' dir='ltr'>cunctationemque</span> <span class='ocrx_word' id='word_1_27' title='bbox 808 514 1059 577; x_wconf 87' lang='lat' dir='ltr'>petentium</span> <span class='ocrx_word' id='word_1_28' title='bbox 1092 513 1258 573; x_wconf 89' lang='lat' dir='ltr'>fidem,</span> <span class='ocrx_word' id='word_1_29' title='bbox 1291 532 1376 579; x_wconf 84' lang='lat' dir='ltr'>per</span> 
     </span>
     <span class='ocr_line' id='line_1_6' title="bbox 83 585 1373 651; baseline 0.001 -17"><span class='ocrx_word' id='word_1_30' title='bbox 83 587 369 635; x_wconf 76' lang='lat' dir='ltr'>occasionem</span> <span class='ocrx_word' id='word_1_31' title='bbox 391 598 571 650; x_wconf 88' lang='lat' dir='ltr'>captum</span> <span class='ocrx_word' id='word_1_32' title='bbox 593 585 669 633; x_wconf 90' lang='lat' dir='ltr'>est.</span> <span class='ocrx_word' id='word_1_33' title='bbox 697 586 893 650; x_wconf 72' lang='lat' dir='ltr'>captivi,</span> <span class='ocrx_word' id='word_1_34' title='bbox 924 587 1094 651; x_wconf 86' lang='lat' dir='ltr'>quique</span> <span class='ocrx_word' id='word_1_35' title='bbox 1113 589 1373 651; x_wconf 82' lang='lat' dir='ltr'>Campano·-</span> 
     </span>
     <span class='ocr_line' id='line_1_7' title="bbox 82 657 1371 723; baseline 0.002 -17"><span class='ocrx_word' id='word_1_36' title='bbox 82 676 208 717; x_wconf 89' lang='lat' dir='ltr'>rum,</span> <span class='ocrx_word' id='word_1_37' title='bbox 243 659 410 723; x_wconf 87' lang='lat' dir='ltr'>quique</span> <span class='ocrx_word' id='word_1_38' title='bbox 446 657 707 706; x_wconf 82' lang='lat' dir='ltr'>Hannibalis</span> <span class='ocrx_word' id='word_1_39' title='bbox 751 657 945 706; x_wconf 87' lang='lat' dir='ltr'>militum</span> <span class='ocrx_word' id='word_1_40' title='bbox 982 671 1137 719; x_wconf 85' lang='lat' dir='ltr'>erant,</span> <span class='ocrx_word' id='word_1_41' title='bbox 1173 661 1371 708; x_wconf 84' lang='lat' dir='ltr'>Romam</span> 
     </span>
     <span class='ocr_line' id='line_1_8' title="bbox 82 732 1376 798; baseline 0.001 -18"><span class='ocrx_word' id='word_1_42' title='bbox 82 733 224 792; x_wconf 65' lang='lat' dir='ltr'>misti,</span> <span class='ocrx_word' id='word_1_43' title='bbox 257 745 388 796; x_wconf 89' lang='lat' dir='ltr'>atque</span> <span class='ocrx_word' id='word_1_44' title='bbox 424 732 486 780; x_wconf 90' lang='lat' dir='ltr'>ibi</span> <span class='ocrx_word' id='word_1_45' title='bbox 522 732 568 779; x_wconf 89' lang='lat' dir='ltr'>in</span> <span class='ocrx_word' id='word_1_46' title='bbox 607 748 784 780; x_wconf 88' lang='lat' dir='ltr'>carcere</span> <span class='ocrx_word' id='word_1_47' title='bbox 824 732 980 779; x_wconf 86' lang='lat' dir='ltr'>inclufi</span> <span class='ocrx_word' id='word_1_48' title='bbox 1017 732 1146 780; x_wconf 86' lang='lat' dir='ltr'>sunt:</span> <span class='ocrx_word' id='word_1_49' title='bbox 1179 734 1376 798; x_wconf 67' lang='lat' dir='ltr'>oppida-</span> 
     </span>
     <span class='ocr_line' id='line_1_9' title="bbox 83 804 1376 870; baseline 0.002 -17"><span class='ocrx_word' id='word_1_50' title='bbox 83 823 248 854; x_wconf 84' lang='lat' dir='ltr'>norum</span> <span class='ocrx_word' id='word_1_51' title='bbox 279 806 408 854; x_wconf 87' lang='lat' dir='ltr'>turba</span> <span class='ocrx_word' id='word_1_52' title='bbox 442 821 522 870; x_wconf 89' lang='lat' dir='ltr'>per</span> <span class='ocrx_word' id='word_1_53' title='bbox 554 804 772 853; x_wconf 83' lang='lat' dir='ltr'>finitimos</span> <span class='ocrx_word' id='word_1_54' title='bbox 805 805 1007 870; x_wconf 88' lang='lat' dir='ltr'>populos</span> <span class='ocrx_word' id='word_1_55' title='bbox 1038 806 1086 854; x_wconf 88' lang='lat' dir='ltr'>in</span> <span class='ocrx_word' id='word_1_56' title='bbox 1124 807 1376 856; x_wconf 87' lang='lat' dir='ltr'>custodiam</span> 
     </span>
     <span class='ocr_line' id='line_1_10' title="bbox 83 878 241 926; baseline 0.006 -1"><span class='ocrx_word' id='word_1_57' title='bbox 83 878 241 926; x_wconf 81' lang='lat' dir='ltr'>divisa.</span> 
     </span>
    </p>

    <p class='ocr_par' dir='ltr' id='par_1_3' title="bbox 80 950 1379 2547">
     <span class='ocr_line' id='line_1_11' title="bbox 147 950 1375 1017; baseline 0 -17"><span class='ocrx_word' id='word_1_58' title='bbox 147 954 254 1000; x_wconf 87' lang='lat' dir='ltr'>XX.</span> <span class='ocrx_word' id='word_1_59' title='bbox 281 951 461 1014; x_wconf 81' lang='lat' dir='ltr'><strong>Quibus</strong></span> <span class='ocrx_word' id='word_1_60' title='bbox 493 951 650 998; x_wconf 88' lang='lat' dir='ltr'>diebus</span> <span class='ocrx_word' id='word_1_61' title='bbox 682 967 707 998; x_wconf 89' lang='lat' dir='ltr'>a</span> <span class='ocrx_word' id='word_1_62' title='bbox 739 950 972 1011; x_wconf 87' lang='lat' dir='ltr'>Cafilino,</span> <span class='ocrx_word' id='word_1_63' title='bbox 1002 969 1051 1000; x_wconf 84' lang='lat' dir='ltr'>re</span> <span class='ocrx_word' id='word_1_64' title='bbox 1084 952 1199 1000; x_wconf 88' lang='lat' dir='ltr'>bene</span> <span class='ocrx_word' id='word_1_65' title='bbox 1230 953 1375 1017; x_wconf 81' lang='lat' dir='ltr'>gesta‚&#39;</span> 
     </span>
     <span class='ocr_line' id='line_1_12' title="bbox 82 1024 1375 1089; baseline 0.002 -18"><span class='ocrx_word' id='word_1_66' title='bbox 82 1024 295 1072; x_wconf 76' lang='lat' dir='ltr'>recessum</span> <span class='ocrx_word' id='word_1_67' title='bbox 324 1025 386 1072; x_wconf 89' lang='lat' dir='ltr'>est</span> <span class='ocrx_word' id='word_1_68' title='bbox 403 1061 418 1083; x_wconf 86' lang='lat'>‚</span> <span class='ocrx_word' id='word_1_69' title='bbox 440 1024 502 1072; x_wconf 88' lang='lat' dir='ltr'>eis</span> <span class='ocrx_word' id='word_1_70' title='bbox 528 1024 763 1072; x_wconf 85' lang='lat' dir='ltr'>Gracchus</span> <span class='ocrx_word' id='word_1_71' title='bbox 792 1024 840 1070; x_wconf 90' lang='lat' dir='ltr'>in</span> <span class='ocrx_word' id='word_1_72' title='bbox 870 1026 1064 1074; x_wconf 87' lang='lat' dir='ltr'>Lucanis</span> <span class='ocrx_word' id='word_1_73' title='bbox 1085 1026 1262 1089; x_wconf 84' lang='lat' dir='ltr'>aliquot</span> <span class='ocrx_word' id='word_1_74' title='bbox 1291 1043 1375 1074; x_wconf 83' lang='lat' dir='ltr'>co-</span> 
     </span>
     <span class='ocr_line' id='line_1_13' title="bbox 81 1096 1375 1162; baseline 0.002 -18"><span class='ocrx_word' id='word_1_75' title='bbox 81 1098 267 1158; x_wconf 82' lang='lat' dir='ltr'>hortes,</span> <span class='ocrx_word' id='word_1_76' title='bbox 298 1097 345 1144; x_wconf 91' lang='lat' dir='ltr'>in</span> <span class='ocrx_word' id='word_1_77' title='bbox 380 1114 431 1144; x_wconf 89' lang='lat' dir='ltr'>ea</span> <span class='ocrx_word' id='word_1_78' title='bbox 465 1096 650 1161; x_wconf 84' lang='lat' dir='ltr'>regione</span> <span class='ocrx_word' id='word_1_79' title='bbox 683 1096 986 1161; x_wconf 84' lang='lat' dir='ltr'>conscriptas,</span> <span class='ocrx_word' id='word_1_80' title='bbox 1020 1116 1123 1146; x_wconf 88' lang='lat' dir='ltr'>cum</span> <span class='ocrx_word' id='word_1_81' title='bbox 1154 1098 1375 1162; x_wconf 54' lang='lat' dir='ltr'>praescito</span> 
     </span>
     <span class='ocr_line' id='line_1_14' title="bbox 82 1169 1376 1235; baseline 0.002 -18"><span class='ocrx_word' id='word_1_82' title='bbox 82 1170 308 1218; x_wconf 82' lang='lat' dir='ltr'>sociorum</span> <span class='ocrx_word' id='word_1_83' title='bbox 348 1171 397 1218; x_wconf 88' lang='lat' dir='ltr'>in</span> <span class='ocrx_word' id='word_1_84' title='bbox 430 1187 562 1235; x_wconf 87' lang='lat' dir='ltr'>agros</span> <span class='ocrx_word' id='word_1_85' title='bbox 599 1169 796 1217; x_wconf 82' lang='lat' dir='ltr'>hostium</span> <span class='ocrx_word' id='word_1_86' title='bbox 838 1171 1082 1234; x_wconf 82' lang='lat' dir='ltr'>praedatum</span> <span class='ocrx_word' id='word_1_87' title='bbox 1118 1171 1249 1219; x_wconf 83' lang='lat' dir='ltr'>mifit.</span> <span class='ocrx_word' id='word_1_88' title='bbox 1292 1188 1376 1220; x_wconf 82' lang='lat' dir='ltr'>eos</span> 
     </span>
     <span class='ocr_line' id='line_1_15' title="bbox 81 1243 1373 1308; baseline -0.002 -16"><span class='ocrx_word' id='word_1_89' title='bbox 81 1244 215 1293; x_wconf 82' lang='lat' dir='ltr'>effuse</span> <span class='ocrx_word' id='word_1_90' title='bbox 248 1244 424 1308; x_wconf 90' lang='lat' dir='ltr'>palatos</span> <span class='ocrx_word' id='word_1_91' title='bbox 451 1246 619 1291; x_wconf 87' lang='lat' dir='ltr'>Hanno</span> <span class='ocrx_word' id='word_1_92' title='bbox 652 1243 865 1303; x_wconf 87' lang='lat' dir='ltr'>adortus,</span> <span class='ocrx_word' id='word_1_93' title='bbox 894 1244 1010 1291; x_wconf 88' lang='lat' dir='ltr'>haud</span> <span class='ocrx_word' id='word_1_94' title='bbox 1039 1244 1185 1292; x_wconf 85' lang='lat' dir='ltr'>multo</span> <span class='ocrx_word' id='word_1_95' title='bbox 1219 1244 1373 1291; x_wconf 46' lang='lat' dir='ltr'>mne-</span> 
     </span>
     <span class='ocr_line' id='line_1_16' title="bbox 80 1316 1373 1381; baseline -0.001 -16"><span class='ocrx_word' id='word_1_96' title='bbox 80 1334 173 1365; x_wconf 85' lang='lat' dir='ltr'>rem</span> <span class='ocrx_word' id='word_1_97' title='bbox 186 1354 200 1376; x_wconf 88' lang='lat'>‚</span> <span class='ocrx_word' id='word_1_98' title='bbox 216 1334 349 1381; x_wconf 89' lang='lat' dir='ltr'>quam</span> <span class='ocrx_word' id='word_1_99' title='bbox 370 1318 426 1364; x_wconf 89' lang='lat' dir='ltr'>ad</span> <span class='ocrx_word' id='word_1_100' title='bbox 443 1318 753 1365; x_wconf 89' lang='lat' dir='ltr'>Beneventum</span> <span class='ocrx_word' id='word_1_101' title='bbox 771 1329 1026 1381; x_wconf 88' lang='lat' dir='ltr'>acceperat,</span> <span class='ocrx_word' id='word_1_102' title='bbox 1043 1316 1234 1366; x_wconf 77' lang='lat' dir='ltr'>reddidit</span> <span class='ocrx_word' id='word_1_103' title='bbox 1252 1317 1373 1364; x_wconf 84' lang='lat' dir='ltr'>&#39;nosti</span> 
     </span>
     <span class='ocr_line' id='line_1_17' title="bbox 83 1388 1371 1456; baseline -0.002 -18"><span class='ocrx_word' id='word_1_104' title='bbox 83 1392 254 1439; x_wconf 83' lang='lat' dir='ltr'>cladem</span> <span class='ocrx_word' id='word_1_105' title='bbox 271 1427 284 1450; x_wconf 91' lang='lat'>‚</span> <span class='ocrx_word' id='word_1_106' title='bbox 305 1403 439 1456; x_wconf 85' lang='lat' dir='ltr'>atque</span> <span class='ocrx_word' id='word_1_107' title='bbox 458 1391 505 1437; x_wconf 90' lang='lat' dir='ltr'>in</span> <span class='ocrx_word' id='word_1_108' title='bbox 522 1390 724 1438; x_wconf 86' lang='lat' dir='ltr'>Bruttios</span> <span class='ocrx_word' id='word_1_109' title='bbox 742 1390 929 1454; x_wconf 86' lang='lat' dir='ltr'>raptim,</span> <span class='ocrx_word' id='word_1_110' title='bbox 959 1407 1015 1437; x_wconf 88' lang='lat' dir='ltr'>ne</span> <span class='ocrx_word' id='word_1_111' title='bbox 1041 1390 1276 1438; x_wconf 83' lang='lat' dir='ltr'>Gracchus</span> <span class='ocrx_word' id='word_1_112' title='bbox 1303 1388 1371 1437; x_wconf 90' lang='lat' dir='ltr'>as-</span> 
     </span>
     <span class='ocr_line' id='line_1_18' title="bbox 81 1457 1375 1533; baseline -0.002 -21"><span class='ocrx_word' id='word_1_113' title='bbox 81 1466 367 1529; x_wconf 80' lang='lat' dir='ltr'>sequeretur,</span> <span class='ocrx_word' id='word_1_114' title='bbox 403 1464 631 1512; x_wconf 85' lang='lat' dir='ltr'>conceffit.</span> <span class='ocrx_word' id='word_1_115' title='bbox 668 1457 915 1521; x_wconf 78' lang='lat' dir='ltr'>Consules,</span> <span class='ocrx_word' id='word_1_116' title='bbox 941 1463 1183 1533; x_wconf 78' lang='lat' dir='ltr'>Marcellus</span> <span class='ocrx_word' id='word_1_117' title='bbox 1212 1474 1338 1510; x_wconf 90' lang='lat' dir='ltr'>retro</span> <span class='ocrx_word' id='word_1_118' title='bbox 1356 1499 1375 1522; x_wconf 72' lang='lat'>„</span> 
     </span>
     <span class='ocr_line' id='line_1_19' title="bbox 81 1534 1371 1594; baseline -0.003 -9"><span class='ocrx_word' id='word_1_119' title='bbox 81 1538 200 1585; x_wconf 89' lang='lat' dir='ltr'>unde</span> <span class='ocrx_word' id='word_1_120' title='bbox 220 1549 432 1594; x_wconf 88' lang='lat' dir='ltr'>venerat,</span> <span class='ocrx_word' id='word_1_121' title='bbox 453 1537 623 1584; x_wconf 84' lang='lat' dir='ltr'>Nolam</span> <span class='ocrx_word' id='word_1_122' title='bbox 642 1537 783 1593; x_wconf 78' lang='lat' dir='ltr'>redit3</span> <span class='ocrx_word' id='word_1_123' title='bbox 806 1535 966 1583; x_wconf 86' lang='lat' dir='ltr'>Fabius</span> <span class='ocrx_word' id='word_1_124' title='bbox 985 1534 1046 1581; x_wconf 81' lang='lat' dir='ltr'>in</span> <span class='ocrx_word' id='word_1_125' title='bbox 1061 1535 1291 1582; x_wconf 87' lang='lat' dir='ltr'>Samnium</span> <span class='ocrx_word' id='word_1_126' title='bbox 1313 1535 1371 1582; x_wconf 82' lang='lat' dir='ltr'>ad</span> 
     </span>
     <span class='ocr_line' id='line_1_20' title="bbox 80 1608 1372 1676; baseline -0.002 -17"><span class='ocrx_word' id='word_1_127' title='bbox 80 1611 369 1676; x_wconf 89' lang='lat' dir='ltr'>populandos</span> <span class='ocrx_word' id='word_1_128' title='bbox 391 1626 524 1676; x_wconf 84' lang='lat' dir='ltr'>agros</span> <span class='ocrx_word' id='word_1_129' title='bbox 550 1608 916 1673; x_wconf 87' lang='lat' dir='ltr'>recipiendasque</span> <span class='ocrx_word' id='word_1_130' title='bbox 938 1608 1069 1656; x_wconf 87' lang='lat' dir='ltr'>armis</span> <span class='ocrx_word' id='word_1_131' title='bbox 1083 1645 1098 1668; x_wconf 94' lang='lat'>‚</span> <span class='ocrx_word' id='word_1_132' title='bbox 1118 1626 1218 1673; x_wconf 83' lang='lat' dir='ltr'>quae</span> <span class='ocrx_word' id='word_1_133' title='bbox 1246 1609 1372 1657; x_wconf 83' lang='lat' dir='ltr'>defe-</span> 
     </span>
     <span class='ocr_line' id='line_1_21' title="bbox 82 1681 1376 1747; baseline -0.002 -15"><span class='ocrx_word' id='word_1_134' title='bbox 82 1697 260 1741; x_wconf 90' lang='lat' dir='ltr'>cerant,</span> <span class='ocrx_word' id='word_1_135' title='bbox 288 1684 419 1731; x_wconf 88' lang='lat' dir='ltr'>urbes</span> <span class='ocrx_word' id='word_1_136' title='bbox 451 1683 678 1747; x_wconf 87' lang='lat' dir='ltr'>proceffit.</span> <span class='ocrx_word' id='word_1_137' title='bbox 715 1683 947 1730; x_wconf 86' lang='lat' dir='ltr'>Caudinus</span> <span class='ocrx_word' id='word_1_138' title='bbox 976 1681 1148 1728; x_wconf 87' lang='lat' dir='ltr'>Samnis</span> <span class='ocrx_word' id='word_1_139' title='bbox 1184 1681 1376 1746; x_wconf 80' lang='lat' dir='ltr'>gravius</span> 
     </span>
     <span class='ocr_line' id='line_1_22' title="bbox 81 1754 1372 1819; baseline -0.002 -15"><span class='ocrx_word' id='word_1_140' title='bbox 81 1756 332 1805; x_wconf 85' lang='lat' dir='ltr'>devastatus</span> <span class='ocrx_word' id='word_1_141' title='bbox 353 1755 551 1819; x_wconf 87' lang='lat' dir='ltr'>:perusti</span> <span class='ocrx_word' id='word_1_142' title='bbox 582 1756 670 1803; x_wconf 89' lang='lat' dir='ltr'>late</span> <span class='ocrx_word' id='word_1_143' title='bbox 698 1754 816 1819; x_wconf 85' lang='lat' dir='ltr'>agri,</span> <span class='ocrx_word' id='word_1_144' title='bbox 843 1754 1007 1818; x_wconf 83' lang='lat' dir='ltr'>praedae</span> <span class='ocrx_word' id='word_1_145' title='bbox 1037 1754 1260 1817; x_wconf 87' lang='lat' dir='ltr'>pecudum</span> <span class='ocrx_word' id='word_1_146' title='bbox 1280 1755 1372 1802; x_wconf 85' lang='lat' dir='ltr'>ho-</span> 
     </span>
     <span class='ocr_line' id='line_1_23' title="bbox 80 1827 1375 1894; baseline -0.002 -17"><span class='ocrx_word' id='word_1_147' title='bbox 80 1830 346 1894; x_wconf 86' lang='lat' dir='ltr'>minumque</span> <span class='ocrx_word' id='word_1_148' title='bbox 379 1829 498 1876; x_wconf 65' lang='lat' dir='ltr'>aoae.</span> <span class='ocrx_word' id='word_1_149' title='bbox 546 1828 716 1892; x_wconf 88' lang='lat' dir='ltr'>oppida</span> <span class='ocrx_word' id='word_1_150' title='bbox 753 1828 805 1876; x_wconf 89' lang='lat' dir='ltr'>vi</span> <span class='ocrx_word' id='word_1_151' title='bbox 841 1840 995 1891; x_wconf 84' lang='lat' dir='ltr'>capta,</span> <span class='ocrx_word' id='word_1_152' title='bbox 1026 1827 1375 1890; x_wconf 69' lang='lat' dir='ltr'>Compulteria‘,</span> 
     </span>
     <span class='ocr_line' id='line_1_24' title="bbox 81 1899 1372 1965; baseline -0.001 -16"><span class='ocrx_word' id='word_1_153' title='bbox 81 1903 284 1962; x_wconf 88' lang='lat' dir='ltr'>Telefia‚</span> <span class='ocrx_word' id='word_1_154' title='bbox 318 1899 543 1965; x_wconf 85' lang='lat' dir='ltr'>Compsa,</span> <span class='ocrx_word' id='word_1_155' title='bbox 573 1900 733 1961; x_wconf 84' lang='lat' dir='ltr'>Melae,</span> <span class='ocrx_word' id='word_1_156' title='bbox 760 1899 948 1947; x_wconf 86' lang='lat' dir='ltr'>Fulfulae</span> <span class='ocrx_word' id='word_1_157' title='bbox 979 1902 1029 1948; x_wconf 86' lang='lat'>&amp;</span> <span class='ocrx_word' id='word_1_158' title='bbox 1063 1899 1372 1948; x_wconf 78' lang='lat' dir='ltr'>Orbitanium.</span> 
     </span>
     <span class='ocr_line' id='line_1_25' title="bbox 83 1973 1373 2037; baseline -0.001 -15"><span class='ocrx_word' id='word_1_159' title='bbox 83 1992 141 2022; x_wconf 83' lang='lat' dir='ltr'>ex</span> <span class='ocrx_word' id='word_1_160' title='bbox 176 1974 368 2023; x_wconf 88' lang='lat' dir='ltr'>Lucanis</span> <span class='ocrx_word' id='word_1_161' title='bbox 401 1974 596 2021; x_wconf 76' lang='lat' dir='ltr'>Blandae.</span> <span class='ocrx_word' id='word_1_162' title='bbox 636 1973 890 2037; x_wconf 88' lang='lat' dir='ltr'>Apulorum</span> <span class='ocrx_word' id='word_1_163' title='bbox 921 1973 1044 2021; x_wconf 85' lang='lat' dir='ltr'>AEcae</span> <span class='ocrx_word' id='word_1_164' title='bbox 1079 1984 1373 2037; x_wconf 49' lang='lat' dir='ltr'>oppugnatae,</span> 
     </span>
     <span class='ocr_line' id='line_1_26' title="bbox 83 2043 1375 2108; baseline -0.005 -14"><span class='ocrx_word' id='word_1_165' title='bbox 83 2045 230 2094; x_wconf 86' lang='lat' dir='ltr'>Millia</span> <span class='ocrx_word' id='word_1_166' title='bbox 244 2046 437 2094; x_wconf 88' lang='lat' dir='ltr'>hostium</span> <span class='ocrx_word' id='word_1_167' title='bbox 454 2046 501 2093; x_wconf 91' lang='lat' dir='ltr'>in</span> <span class='ocrx_word' id='word_1_168' title='bbox 518 2045 586 2091; x_wconf 90' lang='lat' dir='ltr'>his</span> <span class='ocrx_word' id='word_1_169' title='bbox 603 2045 791 2092; x_wconf 88' lang='lat' dir='ltr'>urbibus</span> <span class='ocrx_word' id='word_1_170' title='bbox 807 2044 972 2108; x_wconf 89' lang='lat' dir='ltr'>viginti</span> <span class='ocrx_word' id='word_1_171' title='bbox 991 2043 1191 2108; x_wconf 87' lang='lat' dir='ltr'>quinque</span> <span class='ocrx_word' id='word_1_172' title='bbox 1211 2055 1339 2107; x_wconf 87' lang='lat' dir='ltr'>capta</span> <span class='ocrx_word' id='word_1_173' title='bbox 1351 2077 1375 2102; x_wconf 42' lang='grc' dir='ltr'>,ι</span> 
     </span>
     <span class='ocr_line' id='line_1_27' title="bbox 84 2115 1379 2182; baseline -0.005 -15"><span class='ocrx_word' id='word_1_174' title='bbox 84 2132 163 2167; x_wconf 91' lang='lat' dir='ltr'>aut</span> <span class='ocrx_word' id='word_1_175' title='bbox 185 2119 356 2167; x_wconf 71' lang='lat' dir='ltr'>occisat</span> <span class='ocrx_word' id='word_1_176' title='bbox 376 2122 425 2168; x_wconf 64' lang='grc' dir='ltr'>ὅ(</span> <span class='ocrx_word' id='word_1_177' title='bbox 444 2118 612 2182; x_wconf 89' lang='lat' dir='ltr'>recepti</span> <span class='ocrx_word' id='word_1_178' title='bbox 636 2116 836 2181; x_wconf 81' lang='lat' dir='ltr'>perfugae</span> <span class='ocrx_word' id='word_1_179' title='bbox 856 2117 1047 2164; x_wconf 83' lang='lat' dir='ltr'>trecenti</span> <span class='ocrx_word' id='word_1_180' title='bbox 1066 2115 1379 2179; x_wconf 70' lang='lat' dir='ltr'>septuaginta;</span> 
     </span>
     <span class='ocr_line' id='line_1_28' title="bbox 83 2188 1371 2256; baseline -0.003 -17"><span class='ocrx_word' id='word_1_181' title='bbox 83 2208 200 2256; x_wconf 89' lang='lat' dir='ltr'>quos</span> <span class='ocrx_word' id='word_1_182' title='bbox 228 2210 332 2241; x_wconf 91' lang='lat' dir='ltr'>cum</span> <span class='ocrx_word' id='word_1_183' title='bbox 355 2193 548 2240; x_wconf 85' lang='lat' dir='ltr'>Romam</span> <span class='ocrx_word' id='word_1_184' title='bbox 573 2189 751 2238; x_wconf 87' lang='lat' dir='ltr'>mififfet</span> <span class='ocrx_word' id='word_1_185' title='bbox 771 2189 958 2247; x_wconf 84' lang='lat' dir='ltr'>consul,</span> <span class='ocrx_word' id='word_1_186' title='bbox 979 2188 1122 2254; x_wconf 86' lang='lat' dir='ltr'>virgis</span> <span class='ocrx_word' id='word_1_187' title='bbox 1148 2189 1195 2235; x_wconf 89' lang='lat' dir='ltr'>in</span> <span class='ocrx_word' id='word_1_188' title='bbox 1225 2188 1371 2251; x_wconf 83' lang='lat' dir='ltr'>comi-</span> 
     </span>
     <span class='ocr_line' id='line_1_29' title="bbox 83 2261 1379 2326; baseline -0.002 -14"><span class='ocrx_word' id='word_1_189' title='bbox 83 2265 153 2313; x_wconf 87' lang='lat' dir='ltr'>tio</span> <span class='ocrx_word' id='word_1_190' title='bbox 176 2265 274 2313; x_wconf 86' lang='lat' dir='ltr'>caefi</span> <span class='ocrx_word' id='word_1_191' title='bbox 292 2282 475 2326; x_wconf 86' lang='lat' dir='ltr'>omnes,</span> <span class='ocrx_word' id='word_1_192' title='bbox 497 2282 547 2313; x_wconf 80' lang='lat' dir='ltr'>ac</span> <span class='ocrx_word' id='word_1_193' title='bbox 566 2265 620 2311; x_wconf 91' lang='lat' dir='ltr'>de</span> <span class='ocrx_word' id='word_1_194' title='bbox 647 2263 754 2311; x_wconf 83' lang='lat' dir='ltr'>saxo</span> <span class='ocrx_word' id='word_1_195' title='bbox 780 2262 953 2326; x_wconf 69' lang='lat' dir='ltr'>dejeffl.</span> <span class='ocrx_word' id='word_1_196' title='bbox 975 2264 1084 2310; x_wconf 81' lang='lat' dir='ltr'>Haec</span> <span class='ocrx_word' id='word_1_197' title='bbox 1104 2280 1129 2310; x_wconf 89' lang='lat' dir='ltr'>a</span> <span class='ocrx_word' id='word_1_198' title='bbox 1149 2264 1212 2324; x_wconf 84' lang='lat' dir='ltr'>Q.</span> <span class='ocrx_word' id='word_1_199' title='bbox 1231 2261 1379 2310; x_wconf 73' lang='lat' dir='ltr'>Fabio</span> 
     </span>
     <span class='ocr_line' id='line_1_30' title="bbox 85 2335 1372 2404; baseline -0.004 -18"><span class='ocrx_word' id='word_1_200' title='bbox 85 2339 204 2387; x_wconf 87' lang='lat' dir='ltr'>intra</span> <span class='ocrx_word' id='word_1_201' title='bbox 225 2357 393 2404; x_wconf 91' lang='lat' dir='ltr'>paucos</span> <span class='ocrx_word' id='word_1_202' title='bbox 418 2339 509 2387; x_wconf 88' lang='lat' dir='ltr'>dies</span> <span class='ocrx_word' id='word_1_203' title='bbox 535 2338 663 2403; x_wconf 84' lang='lat' dir='ltr'>gesta.</span> <span class='ocrx_word' id='word_1_204' title='bbox 688 2337 957 2392; x_wconf 85' lang='lat' dir='ltr'>Marcellum</span> <span class='ocrx_word' id='word_1_205' title='bbox 986 2337 1041 2383; x_wconf 90' lang='lat' dir='ltr'>ab</span> <span class='ocrx_word' id='word_1_206' title='bbox 1065 2335 1274 2401; x_wconf 87' lang='lat' dir='ltr'>gerundis</span> <span class='ocrx_word' id='word_1_207' title='bbox 1295 2352 1372 2382; x_wconf 88' lang='lat' dir='ltr'>re-</span> 
     </span>
     <span class='ocr_line' id='line_1_31' title="bbox 83 2408 1376 2472; baseline -0.004 -12"><span class='ocrx_word' id='word_1_208' title='bbox 83 2413 170 2460; x_wconf 88' lang='lat' dir='ltr'>bus</span> <span class='ocrx_word' id='word_1_209' title='bbox 192 2413 407 2462; x_wconf 86' lang='lat' dir='ltr'>valetudo</span> <span class='ocrx_word' id='word_1_210' title='bbox 428 2411 606 2461; x_wconf 87' lang='lat' dir='ltr'>adversa</span> <span class='ocrx_word' id='word_1_211' title='bbox 630 2411 764 2458; x_wconf 85' lang='lat' dir='ltr'>Nolae</span> <span class='ocrx_word' id='word_1_212' title='bbox 784 2411 942 2457; x_wconf 89' lang='lat' dir='ltr'>tenuit.</span> <span class='ocrx_word' id='word_1_213' title='bbox 964 2412 1020 2456; x_wconf 78' lang='lat' dir='ltr'>Et</span> <span class='ocrx_word' id='word_1_214' title='bbox 1049 2427 1073 2456; x_wconf 92' lang='lat' dir='ltr'>a</span> <span class='ocrx_word' id='word_1_215' title='bbox 1094 2420 1288 2472; x_wconf 85' lang='lat' dir='ltr'>praetore</span> <span class='ocrx_word' id='word_1_216' title='bbox 1307 2408 1376 2466; x_wconf 60' lang='grc' dir='ltr'>Ο,</span> 
     </span>
     <span class='ocr_line' id='line_1_32' title="bbox 84 2481 1377 2547; baseline -0.005 -15"><span class='ocrx_word' id='word_1_217' title='bbox 84 2485 256 2547; x_wconf 86' lang='lat' dir='ltr'>Fabio,</span> <span class='ocrx_word' id='word_1_218' title='bbox 285 2484 361 2534; x_wconf 89' lang='lat' dir='ltr'>cui</span> <span class='ocrx_word' id='word_1_219' title='bbox 392 2484 513 2534; x_wconf 89' lang='lat' dir='ltr'>circa</span> <span class='ocrx_word' id='word_1_220' title='bbox 533 2481 765 2533; x_wconf 87' lang='lat' dir='ltr'>Luceriam</span> <span class='ocrx_word' id='word_1_221' title='bbox 799 2483 1035 2547; x_wconf 85' lang='lat' dir='ltr'>provincia</span> <span class='ocrx_word' id='word_1_222' title='bbox 1060 2493 1184 2541; x_wconf 83' lang='lat' dir='ltr'>erat,</span> <span class='ocrx_word' id='word_1_223' title='bbox 1217 2485 1377 2529; x_wconf 71' lang='lat' dir='ltr'>Accua</span> 
     </span>
    </p>
   </div>
   <div class='ocr_carea' id='block_1_3' title="bbox 1002 2558 1118 2614">
    <p class='ocr_par' dir='ltr' id='par_1_4' title="bbox 1002 2558 1118 2614">
     <span class='ocr_line' id='line_1_33' title="bbox 1002 2558 1118 2614; baseline 0 0"><span class='ocrx_word' id='word_1_224' title='bbox 1002 2558 1118 2614; x_wconf 84' lang='lat' dir='ltr'>M4</span> 
     </span>
    </p>
   </div>
  </div>
 </body>
</html>
