1628 2890
187 125 274 171 106
538 116 1101 164 T1T1L1V11

180 248 264 278 nec
287 230 389 276 dare
416 228 590 290 signum
618 221 838 270 universae
858 238 1016 285 pugnae
1042 220 1271 267 volebant.
1301 221 1351 267 In
1375 220 1461 268 hae

179 303 443 366 quotidiana
473 299 667 344 duorum
701 296 978 343 exercituum
1009 294 1197 341 statione
1232 294 1460 357 principes

180 375 468 423 Nolanorum
500 369 708 416 nuntiant
734 365 954 415 Marcello
975 401 990 425 ‚
1018 368 1239 412 Noc‘Zama
1260 370 1461 428 colloquia

182 451 287 493 inter
302 446 459 505 plebem
492 461 541 488 ac
563 446 717 488 Poenos
728 441 1140 505 fieri;statatztrtzque
1158 438 1227 503 effe
1241 474 1255 496 ,
1277 454 1347 495 at,
1367 457 1460 486 cum

181 522 380 564 Romana
412 518 520 561 acies
549 513 697 577 egreffa
717 515 856 574 portis
885 515 985 569 t‘ret,
1016 514 1307 572 impedimenta
1324 529 1461 556 eorum

181 611 231 637 ac
242 592 440 651 sarcinas
460 591 706 648 diriperent,
738 590 973 632 clauderent
1003 587 1147 630 deinde
1164 599 1308 643 portas
1325 618 1338 640 ‚
1367 601 1463 628 mu·-

184 667 324 727 rosque
362 680 625 726 occuparent,
661 678 736 720 ut,
764 676 950 723 potentes
980 676 1111 706 rerum
1133 660 1313 720 suarum
1345 674 1465 718 atque

183 744 294 788 urbis
308 776 324 797 ,
350 744 526 786 Poenam
547 740 642 783 inde
658 755 738 797 pro
757 738 953 782 Romano
981 738 1217 795 acciperent.
1256 733 1366 779 Haec
1386 732 1466 779 ubi

185 812 385 858 nuntiata
405 810 505 856 sunt
521 808 739 856 Marcello
755 844 770 865 ‚
791 806 1054 854 collaudatis
1075 805 1352 853 senatoribus
1368 805 1466 850 No-

185 883 325 941 lanis,
354 881 609 946 priusquam
632 880 792 944 aliquis
812 890 963 926 motus
986 878 1103 924 intus
1131 877 1352 933 oriretur,
1373 875 1467 922 for-

185 973 340 1006 tunam
363 963 523 1020 pugnae
542 954 737 1017 experiri
761 953 923 1000 statuit.
948 953 1018 999 Ad
1040 965 1126 997 tres
1144 963 1292 1013 portas
1314 949 1360 995 in
1379 950 1468 994 ho-

187 1032 272 1078 stes
302 1028 447 1078 versas
477 1026 702 1090 tripartito
733 1025 982 1073 exercitum
1013 1023 1245 1069 instruxit:
1276 1021 1469 1084 impedi-

190 1113 341 1150 menta
374 1100 575 1164 subsequi
603 1098 744 1161 juffit:
781 1098 962 1145 calones
994 1094 1191 1158 lixasque
1225 1095 1274 1141 &
1301 1093 1470 1140 invali-

190 1176 276 1221 dos
313 1172 475 1220 milites
503 1171 671 1217 vallum
702 1170 832 1217 ferre.
865 1168 1010 1215 media
1039 1179 1168 1230 porta
1197 1166 1366 1212 robora
1403 1164 1470 1209 le·
1532 1180 1539 1181 ’
1585 1183 1587 1186 ·

192 1247 377 1311 gionum
403 1246 453 1291 &
483 1246 717 1290 Romanos
747 1241 942 1305 equites,
975 1241 1146 1286 duabus
1177 1238 1295 1285 circa
1324 1237 1470 1299 portis

194 1318 544 1367 novosmilites
581 1316 822 1379 levemque
855 1302 1119 1361 armaturam
1157 1327 1208 1358 ac
1241 1310 1473 1356 sociorum

195 1393 365 1456 equites
391 1390 554 1437 statuit.
592 1388 763 1436 Nolani
792 1402 948 1433 muros
979 1384 1220 1448 portasque
1248 1382 1368 1429 adire
1396 1398 1473 1429 ve·
1532 1434 1543 1439 -

194 1465 296 1521 titi3
326 1462 597 1524 subsidiaque
627 1461 841 1506 destinata
870 1456 1200 1520 impedimentis
1230 1455 1356 1508 data,
1391 1469 1474 1508 ne,

195 1537 427 1599 occupatis
457 1534 626 1598 proelio
653 1532 936 1597 legionibus,
964 1531 1011 1576 in
1038 1547 1086 1576 ea
1113 1530 1301 1591 impetus
1334 1525 1474 1573 fieret.

198 1611 260 1658 ita
291 1608 490 1656 instruffi
525 1608 642 1654 intra
678 1621 831 1669 portas
867 1605 1051 1651 stabant.
1090 1600 1360 1657 Hannibali,
1397 1599 1476 1646 sub

197 1682 330 1746 {ignis
362 1680 435 1740 (id
468 1679 593 1742 quod
618 1695 697 1741 per
731 1678 904 1741 aliquot
930 1675 1021 1721 dies
1054 1671 1248 1736 fecerat)
1283 1671 1337 1718 ad
1358 1671 1478 1717 mul-

199 1764 294 1799 tum
317 1751 403 1797 diei
434 1750 481 1795 in
505 1749 597 1796 acie
623 1748 781 1804 stanti,
801 1748 950 1810 primo
975 1745 1194 1793 miraculo
1220 1744 1303 1790 effe
1319 1779 1333 1802 ‚
1353 1743 1479 1806 quod

203 1843 287 1873 nec
315 1824 537 1872 exercitus
562 1825 793 1870 Romanus
820 1833 952 1885 porta
976 1820 1280 1884 egrederetur,
1306 1834 1387 1864 nec
1413 1833 1481 1863 ar-

203 1912 347 1947 matus
374 1898 603 1962 quisquam
638 1896 685 1942 in
717 1895 854 1942 muris
887 1894 1004 1940 effet.
1039 1906 1159 1939 ratus
1191 1890 1348 1937 deinde
1370 1905 1481 1953 pro-

205 1974 295 2019 dita
325 1971 556 2035 colloquia
589 1970 700 2027 effe,
730 1984 944 2031 metuque
977 1966 1133 2012 refides
1167 1964 1305 2010 fa&os
1325 1999 1339 2021 ,
1377 1978 1482 2025 par-

205 2059 297 2092 tem
319 2044 510 2090 militum
524 2042 570 2088 in
591 2040 728 2088 castra
750 2040 959 2096 remittit,
974 2038 1108 2101 juffos
1131 2052 1322 2099 propere
1341 2051 1481 2097 appa-

207 2130 351 2164 ratum
376 2134 557 2164 omnem
579 2115 890 2183 oppugnandae
915 2113 1036 2160 urbis
1058 2113 1103 2158 in
1130 2111 1318 2174 primam
1341 2108 1484 2155 aciem

209 2190 398 2246 afferre3
437 2190 535 2236 satis
567 2187 707 2234 fidens
726 2223 739 2246 ‚
775 2187 806 2232 fi
836 2185 1141 2234 minitantibus
1165 2182 1376 2238 instaret,
1407 2193 1497 2237 tu-¹

209 2263 401 2311 multum
432 2264 625 2326 aliquem
659 2262 705 2307 in
736 2261 845 2308 urbe
872 2259 1047 2323 plebem
1079 2268 1317 2304 moturam.
1357 2257 1485 2302 Dum

209 2338 259 2384 in
284 2337 357 2384 sua
390 2337 578 2402 quisque
606 2336 848 2383 ministeria
868 2332 1062 2381 discursu
1090 2331 1280 2394 trepidat
1308 2330 1363 2375 ad
1395 2328 1488 2391 pri-

210 2426 284 2457 ma
303 2409 418 2474 figna
429 2446 446 2469 ,
462 2409 750 2474 'succeditque
778 2409 834 2457 ad
853 2423 1007 2456 muros
1025 2405 1140 2454 acies
1152 2441 1168 2464 ‚
1188 2403 1399 2469 patefa&a
1415 2417 1488 2455 req
