1628 2890
250 169 797 219 H1sToa1ARUM
845 169 969 215 [ΑΒ.
1008 142 1206 217 xxm.
1290 185 1376 230 123

88 278 146 327 Si
162 298 252 327 vero
270 281 366 326 inde
376 296 556 341 pergeret
570 314 582 336 ,
594 280 839 340 priusquam
859 280 1020 324 Iberum
1049 277 1236 342 transtret
1249 312 1262 334 ‚
1284 279 1381 322 Rod

90 371 309 399 manorum
334 353 593 413 Hispaniam
605 351 715 410 fore.
736 355 853 397 Nam
868 385 880 406 ,
891 367 1158 411 praeterquam
1182 351 1295 410 quod
1306 367 1380 394 nec

84 426 322 490 praesidium
338 461 354 483 ,
373 444 444 471 nec
470 428 610 470 ducem
629 425 814 480 haberet,
838 442 952 483 quem
975 427 1210 484 relinqueret
1217 441 1296 483 pro
1303 424 1351 481 ft
1359 440 1382 477 ;

93 516 161 543 eos
187 500 448 557 imperatores
468 496 538 560 effe
558 498 777 541 Romanos
790 529 802 550 ‚
822 496 969 554 quibus
983 497 1061 541 vix
1079 497 1206 555 (equis
1223 496 1380 540 viribus

91 567 214 635 rffsti
224 569 364 631 poſjz'c.
395 566 600 631 Itaquzst
618 571 706 612 ulla
728 568 952 627 Hispaniae
972 585 1067 613 cura
1087 566 1178 630 effer
1192 565 1381 628 ,succes-

79 640 218 701 sorem
230 640 320 704 fibi
340 659 431 685 cum
451 641 596 685 valido
619 641 795 684 exercitu
811 640 1014 683 mitterem
1028 657 1042 684 .·
1058 641 1126 684 cui
1139 672 1153 695 ‚
1172 655 1217 684 ut
1237 641 1381 684 omnia

83 713 275 774 prospere
293 715 494 758 evenirent
507 747 520 769 ‚
539 731 624 757 non
644 727 781 757 tamen
800 711 977 770 otiosam
992 713 1256 770 provinciam
1267 711 1382 769 fore.

157 788 369 833 XXVIII.
399 786 480 831 Hae
513 783 651 830 literae
675 799 926 846 quanquam
959 781 1107 844 primo
1134 781 1381 828 admodum

91 876 207 907 mov
211 870 343 906 erunt
373 858 601 913 senatum3
631 869 804 913 tamen,
832 855 935 919 quia
954 855 1091 902 Italia-e
1120 872 1225 902 cura
1252 856 1381 918 prior

91 933 338 1013 potiorque
367 945 487 989 erat,
517 930 629 977 nihil
649 930 702 975 de
723 928 1024 987 Hasdrubale,
1051 944 1196 992 neque
1221 928 1274 973 de
1295 944 1382 974 co·-

92 1005 178 1068 piis
205 1004 300 1067 ejus
321 1015 539 1051 mutatum
559 1002 630 1050 est.
666 1001 894 1060 Himilco,
915 1018 1017 1048 cum
1037 1000 1237 1047 exercitu
1256 999 1380 1060 justo

93 1079 144 1125 &
164 1080 284 1124 aufila
302 1078 444 1135 classe,
459 1077 514 1124 ad
533 1074 810 1123 retinendam
831 1086 949 1121 terra
971 1073 1172 1138 marique
1190 1090 1240 1120 ac
1258 1084 1381 1119 tuen-

93 1149 192 1196 dam
212 1149 469 1213 Hispaniam
489 1184 503 1207 ,
536 1148 597 1195 est
622 1147 803 1203 miffus3
839 1146 943 1211 qui,
971 1157 1021 1192 ut
1050 1145 1272 1209 pedestres
1302 1163 1381 1193 na·

91 1220 305 1285 valesque
335 1221 489 1284 copias
521 1220 722 1283 trajecit,
760 1219 908 1266 castris
946 1218 1264 1277 communitis,
1297 1235 1381 1265 na·-

91 1295 313 1359 vibusque
341 1295 561 1342 subduffis
581 1296 632 1342 &
648 1294 773 1342 vallo
797 1292 1079 1340 circumdatis
1093 1327 1107 1349 ‚
1128 1308 1233 1339 cum
1253 1292 1381 1356 equi-

92 1368 212 1414 tibus
230 1367 406 1414 deleffis
432 1367 521 1430 ipse
535 1404 548 1426 ,
567 1378 783 1430 quantum
806 1366 1000 1412 maxime
1021 1365 1269 1412 accelerare
1295 1381 1380 1428 po·

93 1451 234 1498 terat,
257 1456 337 1503 per
363 1439 523 1486 dubios
547 1438 818 1502 infestosque
848 1437 1048 1501 populos
1076 1436 1203 1499 juxta
1229 1437 1380 1484 inten-

93 1525 164 1561 tus
193 1514 249 1560 ad
282 1512 597 1566 Hasdrubalem
632 1511 855 1574 pervenit.
892 1511 1012 1557 Cum
1045 1510 1220 1557 decreta
1256 1508 1383 1556 sena-

94 1600 166 1635 tus
194 1589 490 1651 mandataque
519 1585 793 1650 exposuisset
815 1621 827 1643 ,
851 1597 983 1648 atque
1015 1582 1258 1632 edidiciffet
1289 1583 1381 1646 ipse

95 1662 296 1711 invicem
320 1699 333 1722 ,
369 1662 749 1727 quemadmodum
794 1659 1068 1707 trauandum
1116 1655 1286 1704 bellum
1332 1657 1381 1703 in

96 1736 308 1800 Hispania
329 1735 450 1782 foret
465 1771 478 1795 ‚
501 1746 626 1799 retro
655 1734 702 1781 in
729 1734 804 1781 sua
833 1733 972 1781 castra
992 1731 1146 1788 rediit3
1165 1731 1287 1778 nulla
1305 1747 1381 1788 re,

95 1825 230 1871 quam
250 1808 499 1867 celeritate,
521 1808 690 1865 tutior,
717 1806 842 1871 quod
861 1805 1058 1869 undique
1088 1805 1281 1862 abierat,
1304 1821 1384 1850 an-

95 1892 276 1944 tequam
314 1881 636 1929 consentirent.
675 1879 956 1937 Hasdrubal,
989 1876 1245 1942 priusquam
1277 1893 1384 1922 mo-

96 1969 227 2001 veret
259 1955 396 2001 castra
415 1991 430 2012 ,
467 1954 682 2022 pecunias
722 1954 913 2017 imperat
950 1951 1131 2015 populis
1167 1951 1381 1997 omnibus

96 2026 184 2073 suae
225 2026 441 2086 ditionis,
482 2027 578 2073 satis
617 2043 809 2091 gnarus,
841 2024 1138 2073 Hannibalem
1173 2022 1381 2069 transitus

95 2099 314 2162 quosdam
345 2100 492 2163 pretio
513 2112 785 2147 mercatum:
812 2115 895 2145 nec
923 2096 1087 2145 auxilia
1105 2095 1278 2143 Gallica
1297 2095 1383 2142 ali-

95 2184 195 2232 ter,
231 2189 366 2235 quam
399 2173 625 2219 condi-[fita
646 2208 659 2230 ‚
692 2171 919 2226 habuiffe3
951 2170 1168 2232 inopem,
1203 2179 1382 2214 tantum

95 2244 180 2292 iter
212 2245 450 2309 ingressum
468 2281 481 2303 ‚
510 2245 592 2291 vix
620 2255 953 2308 penetraturum
981 2243 1037 2289 ad
1067 2240 1203 2304 Alpes
1238 2239 1382 2291 fuiffe.

95 2317 296 2381 pecuniis
324 2318 459 2381 igitur
484 2318 644 2381 raptim
660 2317 823 2364 exaffis
837 2352 851 2376 ,
869 2315 923 2362 ad
945 2315 1119 2361 Iberum
1141 2312 1382 2360 descendit.

96 2392 294 2439 Decreta
313 2392 741 2457 Carthaginienssum
794 2391 845 2437 &
873 2388 1156 2436 Hasdrubalis
1190 2387 1273 2433 iter
1304 2385 1384 2433 ubi

97 2464 152 2511 ad
183 2465 418 2514 Romanos
449 2465 549 2513 sunt
568 2465 767 2530 perlata,
786 2460 1000 2511 omnibus
1027 2460 1194 2508 omiffis
1223 2458 1382 2516 rebus,
