1628 2890
254 138 796 193 HISTORIARUM
841 137 969 184 LIB.
1011 133 1187 182 XXV.
1286 132 1380 195 267

97 250 329 300 memoriae
354 266 465 307 rex,
483 260 582 295 tum
601 258 704 294 ante
733 242 911 308 omnia,
933 259 1035 308 quae
1056 239 1202 289 virtus
1224 238 1265 286 ei
1285 237 1383 285 for-

98 336 294 386 tunaque
312 321 386 368 sua
411 321 619 379 dederat,
649 302 905 366 beneficiis
895 334 941 362 m
962 313 1182 379 populum
1206 313 1383 358 Roma-

101 414 206 444 num
235 394 429 458 infignis.
453 411 501 440 ea
527 410 629 440 cum
652 388 865 439 universa
895 398 1186 435 occurrerent
1204 384 1384 443 animo,

100 467 354 548 subiretque
376 464 620 529 cogitatio,
639 462 726 525 jam
754 462 831 508 illa
855 473 1092 507 momento
1121 458 1248 504 horae
1267 455 1386 503 arsu-

102 558 148 588 ra
175 557 251 587 on.
258 540 355 598 nia,
385 542 435 587 &
457 539 511 585 ad
538 538 710 586 cineres
739 535 958 590 reditura;
979 532 1234 596 priusquam
1262 530 1292 577 s
1279 546 1386 594 gna

101 611 396 661 Achradinam
416 610 705 667 admoveret,
718 607 946 672 praemittit
960 604 1286 670 Syracusanos,
1305 601 1385 667 qui

101 687 218 735 intra
238 686 434 749 praesidia
450 686 679 739 Romana,
699 695 752 730 ut
770 694 871 729 ante
890 681 1054 727 dietum
1075 679 1161 737 est,
1185 677 1389 733 fuerant,

102 772 152 806 ut
191 757 396 822 alloquio
429 756 519 803 leni
556 755 826 820 perlicerent
860 752 1009 799 hostes
1045 752 1100 798 ad
1136 749 1386 797 dedendam

103 831 273 877 urbem.

184 903 337 949 XXV.
377 902 614 948 Terrebant
650 899 913 946 Achradinae
949 908 1102 961 portas
1145 894 1387 958 murosque
1449 903 1454 909 ’

101 974 298 1023 maxime
315 973 553 1037 transfugae
569 1009 582 1031 ‚
607 972 768 1034 quibus
791 973 911 1018 nulla
932 984 1026 1018 erat
1051 987 1130 1033 per
1156 968 1386 1015 conditio-

106 1065 183 1095 nes
214 1048 360 1096 veniae
392 1047 517 1110 spes:
552 1047 583 1093 ii
615 1063 697 1094 nec
727 1047 847 1092 adire
882 1061 1064 1103 muros,
1096 1060 1180 1089 nec
1215 1041 1389 1104 alloqui

105 1137 376 1185 quemquam
413 1120 534 1183 paffi.
578 1120 727 1184 itaque
768 1119 1034 1175 Marcellus,
1069 1115 1307 1180 postquam
1342 1114 1390 1160 id

105 1196 339 1258 inceptum
371 1195 547 1242 irritum
580 1194 692 1253 fuit,
722 1196 776 1241 ad
803 1193 1054 1258 Euryalum
1084 1192 1205 1255 signa
1233 1188 1388 1236 referri

105 1268 238 1330 justit.
273 1268 470 1314 tumulus
500 1268 560 1314 est
578 1268 624 1314 in
656 1278 855 1315 extrema
880 1280 1006 1330 parte
1038 1266 1160 1312 urbis
1186 1263 1340 1310 versus
1364 1280 1390 1309 a

105 1343 246 1400 mari,
268 1342 447 1406 viaeque
468 1341 706 1389 imminens
727 1341 886 1388 ferenti
911 1341 957 1387 in
978 1356 1108 1405 agros
1128 1338 1391 1385 mediterra-

106 1434 280 1482 neaque
315 1416 489 1476 insdae,
523 1417 846 1480 percommode
881 1415 985 1463 fitus
1022 1415 1078 1462 ad
1117 1423 1393 1460 commeatus

107 1491 416 1553 excipiendos
433 1491 648 1537 Praeerat'
641 1508 698 1536 nu
703 1490 742 1537 ic
761 1490 889 1537 arci
870 1488 1158 1536 ”hilodemus
1177 1485 1394 1550 Argivus,

109 1564 166 1611 ab
195 1564 436 1627 Epicyde
424 1583 437 1608 Ξ
444 1564 605 1627 npofit
593 1582 636 1611 u
643 1581 659 1610 s
678 1596 692 1618 ‚
718 1565 770 1610 ad
791 1580 923 1627 quem
949 1562 1099 1610 miffus
1117 1578 1143 1608 a
1170 1558 1391 1607 Marcello
1446 1544 1455 1554 ’

107 1638 252 1695 Sosis,
271 1655 383 1684 unus
408 1655 461 1683 ex
480 1608 842 1687 interfectoribus
867 1634 1078 1702 tyranni,
1100 1652 1230 1692 cum,
1248 1634 1392 1698 longo

109 1711 314 1758 sermone
334 1711 489 1757 habito
503 1747 517 1769 ,
539 1711 695 1760 dilatus
716 1728 795 1774 per
815 1709 1147 1756 frustrationem
1172 1707 1299 1764 effer,
1320 1723 1392 1752 re-

109 1786 216 1832 tulit
243 1786 489 1843 Marcello,
518 1800 692 1848 tempus
713 1802 812 1832 eum
835 1784 891 1830 ad
917 1782 1253 1829 deliberandum
1276 1780 1395 1826 sum-

110 1860 218 1908 fiffe.
253 1860 368 1906 Cum
391 1861 425 1907 is
455 1861 570 1907 diem
597 1861 650 1907 de
675 1860 744 1906 die
764 1859 987 1911 differret,
1007 1857 1114 1904 dum
1134 1855 1395 1918 Hippocra-

112 1946 175 1980 tes
201 1946 332 1997 atque
361 1934 561 1981 Himilco
587 1934 886 1994 admoverent
910 1930 1047 1979 castra
1077 1927 1395 1993 legionesque,

112 2003 231 2050 haud
252 2003 411 2051 dubius
427 2040 439 2060 ‚
465 2005 496 2051 fi
514 2005 560 2050 in
578 2022 723 2052 arcem
746 2003 979 2066 accepisset
1006 2018 1084 2048 eos
1100 2037 1112 2058 ‚
1132 1999 1271 2047 deleri
1297 2000 1395 2045 Ro·-

113 2092 296 2121 manum
329 2077 576 2123 exercitum
609 2076 827 2124 inclusum
855 2075 994 2122 muris
1025 2072 1175 2137 poffe3
1200 2069 1395 2118 Marcel·-

114 2150 208 2205 lus,
238 2162 288 2196 ut
322 2150 570 2214 Euryalum
605 2167 750 2213 neque
783 2149 930 2207 tradi,
959 2163 1104 2211 neque
1140 2145 1240 2209 capi
1275 2143 1393 2191 vidit

113 2225 260 2287 posse,
282 2224 398 2271 inter
415 2224 656 2287 Neapolim
674 2226 723 2273 &
740 2223 950 2288 Tycham
974 2221 1183 2284 (nomina
1200 2220 1395 2283 partium

113 2298 236 2344 urbis
252 2330 265 2353 ‚
288 2300 336 2346 &
355 2298 486 2344 instar
503 2298 682 2345 urbium
707 2296 827 2360 sunt)
850 2295 998 2360 posuit
1018 2294 1173 2356 castra,
1204 2294 1394 2350 timens,

114 2387 172 2416 ne
185 2407 199 2428 ‚
218 2371 248 2417 fi
267 2370 516 2435 frequentia
535 2371 732 2420 intraffet
753 2371 853 2418 loca
868 2407 882 2430 ,
905 2369 1133 2418 contineri
1153 2369 1206 2416 ab
1225 2368 1395 2416 discur-

115 2442 164 2490 su
192 2443 317 2493 miles
349 2444 508 2493 avidus
542 2445 705 2508 praedae
735 2461 832 2492 non
865 2443 1022 2506 pofl'et.
1055 2442 1209 2507 Legati
1244 2458 1301 2490 eo
1336 2439 1394 2487 ab
