1628 2890
199 143 297 208 ‘455
567 138 1131 187 T1T1L1v11

206 249 367 298 amiffis
394 264 450 296 eo
467 247 642 318 proelio
660 245 890 294 militibus.
920 247 1038 293 Nam
1054 243 1396 310 haudquaquam
1417 244 1487 292 im

209 341 394 377 cruenta
417 327 607 375 via-oria
628 326 739 373 fuit:
771 327 878 373 offilo
913 325 1052 373 ferme
1082 325 1220 372 millia
1247 327 1485 372 Romano-

207 424 308 453 rum
340 405 657 467 sociorumque
684 404 844 451 occisa.
880 404 1101 467 Adeoque
1130 402 1262 450 etiam
1291 402 1489 448 vietor&

209 484 432 548 sanguinis
455 483 671 546 caeclisque
698 494 875 546 ceperat
905 482 1101 537 satietas,
1119 494 1169 528 ut
1186 481 1364 544 postero
1387 481 1489 536 die,

211 581 315 610 cum
351 562 456 610 effit
481 561 731 608 nuntiatum
755 560 892 607 Livio
919 559 1126 616 consuli,
1159 558 1317 605 Gallos
1345 557 1488 604 Cisal-

210 640 347 703 pinos
381 637 672 703 liguresque,
705 637 781 700 qui
816 647 891 682 aut
919 635 1091 698 proelio
1123 652 1217 682 non
1246 634 1491 693 affuissent,

211 732 287 766 aut
306 717 421 763 inter
450 716 616 763 caedem
638 714 888 778 effugissent
904 749 917 770 ,
943 730 1037 759 uno
1056 713 1231 777 agmine
1258 712 1380 759 abire
1399 712 1492 758 fine

213 808 340 842 certo
366 795 508 850 duce,
535 792 627 839 fine
658 791 813 855 signis,
846 791 938 837 fine
968 790 1128 837 ordine
1155 789 1279 849 ullo,
1310 802 1385 836 aut
1408 789 1494 836 im-

212 874 377 936 perio3
410 872 560 934 posse,
588 872 620 916 fi
642 887 729 916 una
756 871 957 933 equitum
989 869 1057 917 ala
1077 867 1307 927 mittatur,
1333 885 1494 915 omnes

213 951 382 1006 deleri;
417 951 652 1014 supersint,
686 948 858 1011 inquit,
891 952 1022 1011 aliqui
1047 950 1218 1007 nuntii,
1251 946 1296 994 ὃ·
1324 949 1495 1015 hostium

215 1034 351 1079 cladis
367 1067 382 1086 ,
406 1028 447 1076 δ’
462 1031 604 1093 ηοβνω
624 1031 802 1074 virtutis.

283 1112 331 1155 L.
367 1108 495 1153 Nero
524 1124 572 1153 ea
606 1105 736 1152 nocsle
754 1139 767 1161 ‚
798 1121 898 1167 quae
928 1101 1075 1149 secuta
1095 1102 1156 1149 est
1185 1119 1412 1166 pugnam,
1431 1103 1498 1150 ci-

216 1188 409 1244 tatiore,
439 1202 572 1248 quam
607 1173 948 1239 inde'veneran
981 1180 1157 1244 agmine
1173 1216 1186 1238 ,
1208 1181 1278 1227 die
1297 1180 1423 1228 sexto
1443 1182 1498 1228 ad

218 1266 379 1313 stativa
399 1263 470 1309 sua
488 1299 499 1319 ‚
520 1274 653 1325 atque
670 1260 724 1306 ad
743 1259 915 1305 hostem
935 1256 1154 1320 pervenit.
1190 1260 1275 1303 Iter
1294 1256 1389 1318 ejus
1411 1257 1502 1303 fre-

218 1343 405 1408 quentia
419 1341 595 1387 minore
608 1376 620 1396 ,
634 1338 739 1401 quia
759 1353 894 1383 nemo
914 1335 1188 1398 praecesserat
1204 1335 1389 1383 nuntius
1400 1372 1414 1393 ‚
1428 1336 1505 1383 lae-'-

219 1423 321 1469 titia
338 1436 452 1468 vero
471 1430 590 1465 tanta
602 1454 615 1474 ‚
631 1417 714 1463 vix
732 1427 781 1463 ut
799 1426 1035 1477 compotes
1051 1413 1269 1460 mentium
1289 1432 1379 1477 prae
1397 1432 1503 1479 gau-
1567 1423 1569 1425 ’

221 1502 302 1548 dio
323 1499 484 1555 effent,
513 1495 783 1543 celebratum
811 1491 890 1540 est.
916 1491 1031 1537 Nam
1051 1491 1212 1537 Romae
1233 1503 1388 1538 neuter
1405 1492 1504 1538 ani-

222 1580 287 1626 mi
306 1576 481 1624 habitus
517 1573 612 1620 satis
646 1571 733 1617 dici
764 1569 1049 1631 enarrarique
1082 1566 1256 1631 potest3
1294 1583 1378 1615 nec
1408 1583 1503 1630 quo

222 1657 396 1704 incerta
432 1650 758 1715 exspeaefiiatione
792 1659 982 1694 eventus
1017 1646 1175 1693 civitas
1210 1645 1384 1705 fuerat,
1418 1662 1505 1693 nec

223 1753 322 1797 quo
344 1732 547 1783 viffitoriae
567 1730 729 1777 famam
757 1727 942 1789 accepit.
977 1727 1219 1788 Nunquam
1244 1741 1322 1787 per
1348 1741 1507 1772 omnes

222 1817 319 1864 (lies
337 1853 349 1870 ,
377 1832 433 1860 ex
462 1829 556 1875 quo
585 1808 822 1858 Claudium
848 1805 1075 1854 consulem
1108 1802 1360 1866 profefflum
1391 1801 1508 1850 fama

225 1895 407 1951 attulit,
441 1892 496 1938 ab
521 1902 627 1936 orto
661 1888 754 1934 sole
788 1886 843 1933 ad
875 1884 1157 1931 occidentem
1179 1917 1192 1938 ,
1224 1893 1299 1928 aut
1330 1880 1507 1928 senator

225 1971 457 2036 quisquam
489 1987 512 2015 a
543 1966 664 2014 curia
687 1977 817 2026 atque
844 1963 898 2008 ab
924 1960 1246 2024 magistratibus
1276 1959 1507 2017 absceffit,

226 2062 305 2097 aut
338 2049 535 2113 populus
566 2062 589 2092 e
619 2044 739 2092 foro.
774 2044 1023 2097 Matronae,
1059 2038 1162 2102 quia
1188 2036 1299 2084 nihil
1328 2037 1375 2083 in
1406 2036 1509 2099 ipsis

227 2128 331 2190 opis
367 2138 486 2181 erat,
524 2124 571 2171 in
603 2137 755 2185 preces
788 2115 1190 2178 obtestationesque
1224 2113 1394 2171 versae‚
1429 2129 1510 2176 per

229 2207 385 2252 omnia
419 2205 600 2251 delubra
634 2218 756 2265 vagae
776 2237 789 2257 ‚
825 2196 1052 2261 suppliciis
1086 2192 1292 2256 votisque
1324 2191 1509 2255 fatigare

230 2285 373 2332 Deos.
409 2295 497 2328 tam
522 2279 727 2326 sollicitae
761 2294 812 2324 ac
846 2273 1061 2336 suspensae
1092 2270 1264 2318 civitati
1295 2268 1409 2314 fama
1436 2267 1510 2313 in-

229 2375 350 2411 certa
380 2362 526 2425 primo
548 2357 711 2404 accidit
725 2390 739 2409 ‚
757 2355 871 2399 duos
893 2347 1158 2399 Narnienses
1176 2345 1344 2408 equites
1369 2344 1416 2390 in
1437 2359 1512 2391 ca-

231 2441 344 2500 stra,
379 2455 479 2505 quae
499 2436 544 2484 in
564 2432 764 2482 faucibus
785 2428 984 2478 Umbriae
1013 2424 1219 2489 opposita
1251 2433 1403 2481 erant,
1425 2437 1511 2469 ven
