1628 2890
243 125 793 174 msTORiARUM
830 126 960 172 ΜΒ.
995 124 1201 174 XXIV.
1270 140 1358 187 223

83 227 250 291 fentia,
275 233 402 296 quod
430 232 596 292 vellet,
622 232 753 295 legati
783 231 1137 295 responderunt:
1173 231 1261 279 fide
1291 250 1365 281 ac·

78 317 237 367 cepta,
259 318 308 351 ut
333 304 577 352 remitteret
603 305 833 366 extemplo
853 322 955 351 eum
974 341 989 363 ,
1009 305 1041 351 fi
1070 305 1366 368 imperatores

81 376 149 424 sui
169 394 264 425 non
297 377 658 440 comprobassent
685 375 862 423 saelum.
894 377 957 436 Q.
975 377 1176 424 Statorio
1198 393 1366 425 nomen

80 451 194 510 fuit,
213 451 289 514 qui
308 453 363 498 ad
380 469 528 516 regem
555 449 777 497 remansit.
811 449 930 495 Cum
951 450 1130 497 duobus
1147 451 1367 499 Romanis

80 523 267 586 reliquis
290 523 487 570 Numida
513 522 686 585 legatos
712 521 758 567 in
790 521 1046 583 Hispaniam
1072 523 1189 569 mifit
1210 526 1262 570 ad
1289 540 1368 570 ac-

77 596 330 659 cipiendam
355 597 485 644 fidem
509 595 564 642 ab
587 593 928 656 imperatoribus
953 594 1186 642 Romanis.
1212 595 1368 642 iisdem

80 672 348 737 mandavit,
381 684 431 718 ut
461 669 672 734 protinus
707 667 955 726 Numidas,
985 668 1066 729 qui
1095 668 1212 714 intra
1249 686 1368 731 prae-

80 744 189 792 fidia
216 744 648 810 Carthaginienssum
676 741 912 789 auxiliares
944 740 1110 799 essent,
1143 743 1198 789 ad
1227 742 1369 790 trans-

81 818 274 866 itionem
306 820 586 883 perlicerent.
622 820 678 865 Et
704 817 923 864 Statorius
953 833 1008 862 ex
1036 816 1177 863 multa
1206 817 1369 879 juven·

82 903 176 939 tute
203 894 298 957 regi
335 892 503 955 pedites
538 889 832 953 conscriptit:
870 886 1189 950 ordinatosque
1211 889 1370 950 proxi-

80 982 155 1012 me
185 982 359 1013 morem
390 967 676 1023 Romanum,
706 963 966 1010 instruendo
1001 963 1050 1008 &
1084 961 1369 1008 decurrendo

80 1037 206 1100 signa
242 1038 398 1100 sequi,
434 1041 484 1086 &
513 1037 687 1084 servare
721 1036 903 1083 ordines
934 1033 1120 1080 docuit:
1157 1035 1206 1080 &
1237 1033 1368 1095 operi

81 1111 270 1175 aliisque
302 1111 429 1173 justis
461 1111 726 1158 militaribus
763 1110 824 1156 ita
860 1107 1088 1155 assuefecit
1108 1142 1122 1163 ‚
1159 1117 1209 1153 ut
1237 1106 1368 1155 brevi

80 1200 161 1231 rex
191 1201 287 1231 non
311 1185 452 1248 equiti
479 1184 619 1249 magis
644 1183 827 1241 fideret,
857 1198 991 1246 quam
1024 1179 1191 1242 pediti3
1223 1178 1368 1226 colla-

79 1257 223 1319 tisque
255 1275 392 1322 aequo
424 1275 587 1321 campo
621 1257 782 1320 signis,
818 1254 938 1317 justo
974 1253 1143 1317 proelio
1177 1253 1369 1300 Cartha-

79 1331 324 1392 giniensem
360 1332 534 1378 hostem
573 1331 813 1393 superaret.
849 1327 1069 1375 Romanis
1100 1343 1286 1390 quoque
1320 1327 1370 1374 in

81 1402 296 1466 Hispania
329 1412 580 1468 legatorum
601 1404 716 1467 regis
747 1403 965 1449 adventus
997 1418 1162 1466 magno
1189 1401 1370 1446 emolu-

80 1490 238 1525 mento
267 1477 366 1525 fuit.
399 1495 591 1540 namque
621 1480 676 1524 ad
706 1478 864 1524 famam
896 1492 1053 1522 eorum
1082 1474 1370 1523 transitiones

81 1551 252 1598 crebrae
278 1551 333 1597 ab
361 1551 568 1598 Numidis
596 1562 761 1613 coeptae
790 1549 901 1596 fieri.
938 1552 1002 1596 Ita
1028 1566 1130 1595 cum
1159 1549 1371 1613 Syphace

79 1624 300 1672 Romanis
330 1624 478 1686 junEla
511 1624 707 1671 amicitia
737 1623 812 1670 est.
850 1623 995 1683 Quod
1021 1622 1099 1669 ubi
1130 1622 1369 1684 Carthagi-

80 1695 253 1744 nienses
284 1710 554 1761 acceperunt
574 1734 588 1756 ‚
616 1695 847 1759 extemplo
873 1696 929 1742 ad
948 1695 1138 1752 Galam,
1167 1695 1214 1741 in
1245 1706 1371 1757 parte

79 1770 220 1817 altera
241 1771 465 1817 Numidiae
486 1770 697 1835 (Massyli
721 1786 773 1816 ea
796 1785 903 1834 gens
924 1765 1150 1832 vocatur)
1181 1783 1371 1830 regnan-

80 1857 170 1889 tem
191 1879 205 1901 ,
235 1842 406 1906 legatos
435 1845 634 1891 mittunt.

146 1918 314 1964 XLIX.
347 1917 507 1964 Filium
525 1917 641 1964 Gala
664 1915 932 1964 Mafiniffam
951 1916 1168 1973 habebat,
1201 1914 1371 1977 septem

83 1989 134 2035 &
169 1990 321 2037 decem
351 2007 496 2037 annos
526 2003 714 2049 natum,
743 2005 939 2037 ceterum
971 1988 1183 2048 juvenem
1218 2004 1269 2032 ea
1303 1986 1372 2032 in-

83 2061 190 2107 dole
206 2097 218 2117 ,
243 2075 292 2109 ut
317 2063 404 2125 jam
424 2076 518 2110 tum
538 2075 771 2126 appareret
788 2061 950 2121 ‚latius
971 2077 1157 2123 regnum
1177 2061 1370 2122 opulen-

81 2135 290 2199 tiusque,
322 2154 455 2199 quam
485 2138 750 2201 accepisset,
776 2136 1009 2183 faeturum.
1044 2133 1231 2197 Legati,
1264 2152 1370 2194 quo-

81 2214 199 2256 niam
232 2214 419 2272 Syphax
434 2213 483 2272 fi
502 2214 711 2258 Romanis
735 2208 964 2274 junxiffi3t‚
994 2226 1042 2254 uc
1055 2212 1270 2269 potentior
1288 2207 1371 2267 sb-

0 2338 6 2352 >
81 2286 222 2330 cietate
250 2284 612 2347 eorum'adversus
643 2304 749 2348 reges
775 2285 1031 2346 populosque
1063 2282 1222 2341 Africae
1251 2279 1339 2345 fft
1358 2316 1373 2337 ‚

82 2356 274 2401 docent:
306 2361 450 2404 melius
468 2359 566 2417 fhre
594 2360 714 2405 Galae
744 2376 927 2419 quoque,
962 2354 1373 2418 Carthaginicnstbus

70 2428 204 2490 jungi
237 2433 538 2490 quamprimum
561 2466 577 2492 ‚
611 2450 829 2493 antequam
867 2433 1052 2493 Syphax
1086 2433 1130 2476 in
1159 2429 1376 2489 IIispani-e
