1628 2890
210 129 308 199 ⁵¹26,
580 125 1137 173 T1T1L1v11

210 235 373 284 timum
392 245 605 282 eventum
624 248 785 295 pugnae
801 243 1026 290 moratus,
1047 249 1070 279 e
1091 231 1234 280 media
1252 232 1373 280 caede
1394 249 1498 281 cum

210 310 365 376 paucis
397 307 567 371 effugit.
604 305 756 354 Castra
785 306 981 353 Romani
1010 323 1192 370 cepere,
1225 319 1357 372 atque
1386 308 1498 354 diri-

212 398 367 447 puere.
404 381 467 426 Ea
486 396 666 443 pugna,
699 378 731 424 fi
763 395 850 441 qua
881 379 1015 424 dubia
1048 379 1095 424 in
1112 380 1319 443 Hispania
1347 393 1500 440 erant,

213 452 435 501 Romanis
478 451 714 514 adjunxit:
754 451 1107 514 Hasdrubalique
1143 470 1237 500 non
1274 454 1415 500 modo
1450 454 1498 501 in

212 527 382 577 Italiam
407 526 670 573 traducendi
700 526 948 585 exercitus,
984 526 1057 572 sed
1090 545 1145 574 ne
1166 529 1375 575 manendi
1394 529 1498 592 qui-

213 602 321 649 dem
355 599 455 647 satis
491 611 591 646 tuto
630 599 677 645 in
716 598 960 662 Hispania,
993 599 1111 662 spem
1149 601 1342 664 reliquit.
1380 603 1499 661 Quae

212 673 455 740 postquam
491 673 630 720 literis
662 673 927 736 Scipionum
966 674 1126 719 Romae
1157 673 1336 736 vulgata
1367 673 1498 730 sunt3

215 764 313 795 non
343 759 429 793 tam
459 746 652 793 victoria
670 783 686 803 ,
721 762 855 809 quam
874 745 1114 808 prohibito
1136 744 1419 792 Hasdrubalis
1451 746 1500 792 in

211 820 384 869 ltaliam
402 818 589 865 transitu
604 854 618 876 ,
650 818 928 865 laetabantur.
1322 869 1325 875 Δ

279 893 439 939 XXX.
467 892 594 938 Dum
620 890 715 937 haec
748 890 796 936 in
821 889 1032 953 Hispania
1058 901 1300 953 geruntur,
1333 889 1500 936 Petelia

212 963 264 1013 in
302 965 484 1012 Bruttiis
504 1002 520 1023 ,
556 965 731 1029 aliquot
767 964 868 1027 post
904 964 1124 1011 menfibus
1144 998 1156 1020 ‚
1185 978 1318 1026 quam
1349 972 1500 1023 coepta

213 1036 467 1100 oppugnari
497 1047 614 1094 erat,
644 1036 698 1083 ab
720 1035 1012 1093 Himilcone,
1039 1034 1250 1098 praefedto
1271 1031 1500 1079 Hanniba-

213 1111 272 1157 lis
292 1145 304 1163 ,
332 1121 581 1173 expugnata
617 1108 692 1156 est.
726 1108 877 1155 Multo
911 1107 1123 1171 sanguine
1153 1123 1204 1153 ac
1236 1105 1500 1154 vulneribus

215 1198 270 1228 ea
304 1183 457 1228 Poenis
488 1181 680 1227 vinitoria
716 1180 863 1227 stetit:
893 1196 976 1225 nec
1009 1179 1100 1225 ulla
1129 1177 1268 1242 magis
1306 1177 1378 1224 vis
1412 1177 1498 1222 ob-

213 1248 379 1305 ieffos,
418 1263 551 1311 quam
589 1251 755 1309 fames,
794 1250 1085 1314 expugnavit.
1133 1249 1343 1305 absumtis
1379 1248 1498 1294 enim

215 1322 396 1385 frugum
421 1319 667 1379 alimentis,
688 1322 918 1382 carnisque
943 1322 1091 1366 omnis
1115 1323 1286 1382 generis
1308 1321 1502 1382 quadru-

214 1394 413 1460 pedum;
436 1391 614 1438 sutrinae
645 1391 874 1454 postremo
907 1391 1068 1447 coriis,
1100 1389 1331 1453 herbisque
1358 1391 1407 1436 ὃς
1427 1407 1501 1436 ra·
1540 1442 1551 1447 Δ,

215 1465 393 1512 dicibus
406 1500 419 1523 ,
434 1465 486 1527 A&
502 1463 745 1511 corticibus
762 1463 926 1510 teneris
939 1499 952 1522 ,
968 1462 1210 1526 striffisque
1232 1461 1355 1508 rubis
1369 1461 1502 1508 vixe-

218 1554 301 1594 re3
336 1555 417 1585 nec
436 1573 452 1595 ,
483 1549 721 1601 antequam
752 1537 870 1584 vires
896 1537 951 1583 ad
973 1536 1170 1583 standum
1202 1536 1248 1581 in
1268 1535 1406 1581 muris
1436 1533 1500 1582 fe-

217 1611 444 1674 rendaque
473 1627 595 1656 arma
633 1610 843 1668 deerant,
878 1608 1123 1673 expugnati
1159 1608 1270 1656 sunt.
1306 1610 1500 1669 Recepta

217 1684 418 1742 Petelia,
456 1684 624 1730 Poenus
662 1682 717 1728 ad
755 1681 1047 1729 Consentiam
1084 1680 1236 1743 copias
1278 1679 1499 1726 traducit:

219 1773 355 1821 quam
374 1792 388 1814 ,
421 1755 568 1802 minus
598 1754 886 1818 pertinaciter
904 1752 1153 1811 defensam,
1185 1752 1300 1799 intra
1333 1768 1500 1815 paucos

221 1831 315 1878 dies
346 1830 392 1876 in
424 1829 699 1877 deditionem
721 1828 908 1892 accepit.
941 1827 1096 1875 Iisdem
1117 1827 1254 1873 ferme
1277 1827 1433 1873 diebus
1453 1828 1503 1874 δε

219 1903 509 1953 Bruttiorum
530 1901 753 1949 exercitus
774 1903 1055 1962 Crotonem,
1085 1903 1291 1949 Graecam
1315 1900 1499 1958 urbem,

221 1974 536 2033 circumsedit,
568 1974 828 2037 opulentam
858 1975 1088 2038 quondam
1121 1974 1251 2020 armis
1280 1973 1502 2036 virisque,

221 2063 321 2097 tum
342 2048 427 2111 jam
454 2048 566 2094 adeo
593 2048 740 2094 multis
765 2047 1021 2112 magnisque
1050 2047 1248 2094 cladibus
1276 2046 1503 2104 affluam,

224 2137 275 2169 nt
310 2121 458 2169 omnis
495 2121 633 2166 aetatis
669 2120 815 2166 minus
847 2120 1010 2182 viginti
1042 2119 1182 2167 millia
1221 2118 1392 2164 civium
1428 2117 1499 2163 su·

223 2194 456 2260 pereffent.
494 2193 643 2255 itaque
678 2192 789 2238 urbe
819 2208 844 2237 a
875 2190 1182 2238 defensoribus
1218 2188 1340 2237 vasta
1371 2188 1503 2236 facile

226 2266 363 2330 potiti
392 2266 492 2312 sunt
525 2265 704 2312 hostes:
733 2282 812 2311 arx
843 2275 1017 2312 tantum
1050 2276 1218 2310 retenta
1237 2299 1249 2320 ,
1283 2262 1330 2308 in
1367 2280 1500 2326 quam

222 2337 344 2393 inter
370 2337 609 2384 tumultum
641 2350 780 2399 captae
807 2337 927 2382 urbis
959 2331 982 2382 e
1006 2337 1151 2382 media
1179 2335 1298 2382 caedc
1320 2336 1500 2398 quidam

222 2409 431 2477 effugere.
470 2413 525 2457 Et
558 2409 800 2471 Locrenses
828 2409 1051 2458 descivere
1085 2409 1141 2456 ad
1173 2408 1372 2456 Bruttios
1392 2409 1498 2455 Poe-
