1628 2890
235 185 799 238 HISTORIARUM
841 183 1206 231 LIB.XX1V.
1277 200 1370 246 219

53 343 56 347 .
83 297 154 362 pis
174 297 300 345 domi
336 295 530 360 primum
563 292 799 341 desiderari
831 290 1062 355 quaerique
1081 289 1144 337 est
1163 301 1370 352 coeptus:

16 404 18 407 -
82 371 188 420 dein
221 370 338 418 fama
356 406 369 429 ‚
399 386 480 433 per
511 380 654 415 totam
684 366 841 412 urbem
860 366 1045 428 vulgata
1064 400 1076 424 ‚
1098 363 1370 422 tumultum,

82 458 135 492 ut
165 444 368 508 principe
401 443 557 491 amifi‘o
577 478 591 500 ,
620 440 753 487 fecit:
789 451 1000 503 metuque
1031 456 1181 486 rerum
1219 455 1374 484 nova-

83 535 187 565 rum
212 516 441 579 extemplo
468 514 614 561 nuntii
637 514 692 560 ad
719 513 1020 560 Hannibalem
1039 513 1168 560 miffi.
1193 513 1375 574 Quibus

85 607 367 655 nequaquam
410 586 605 635 offensus
640 588 837 643 Poenus,
877 586 982 649 quia
1020 588 1069 634 &
1112 587 1286 649 ipsum,
1323 597 1376 633 ut

84 663 306 727 ambiguae
334 660 437 708 fidei
470 660 654 717 virum,
683 659 933 722 suspectum
964 659 1052 720 jam
1082 659 1251 722 pridem
1288 659 1377 704 ha·-

83 738 241 795 bebat,
262 738 311 784 &
331 734 505 782 causam
531 733 682 780 nactus
705 743 799 779 erat
827 744 918 779 tam
946 731 1051 778 ditis
1070 731 1267 778 hominis
1288 731 1377 775 bo-

84 829 144 858 na
177 808 430 874 poffidendi
462 805 819 869 vendendique3
858 817 1057 853 ceterum
1093 818 1142 851 ut
1174 806 1250 851 irae
1280 822 1379 852 ma-

85 887 153 949 gis
166 922 178 941 ‚
195 901 329 948 quam
348 881 550 930 avaritiae
560 918 576 939 ,
592 881 743 927 datum
766 881 1001 927 crederent
1022 880 1254 938 homines,
1275 897 1380 926 cru-

73 955 261 1004 'delitati
291 970 477 1019 quoque
510 952 780 1018 gravitatem
811 951 1009 998 addidit:
1047 949 1380 1014 conjugemque

87 1029 186 1091 ejus
218 1047 268 1077 ac
300 1029 469 1075 liberos
501 1027 550 1074 in
584 1025 725 1072 castra
754 1024 952 1081 accitos,
979 1023 1228 1088 quaestione
1256 1024 1381 1086 prius

89 1101 245 1148 habita
258 1137 271 1159 ‚
288 1100 483 1164 primum
512 1098 566 1143 de
586 1096 687 1160 fuga
708 1096 868 1142 Altinii
881 1131 895 1154 ,
915 1096 1018 1142 dein
1037 1106 1257 1159 quantum
1279 1095 1380 1141 auri

86 1177 347 1241 argentique
369 1173 495 1222 domi
518 1172 722 1219 relietum
744 1172 872 1231 effer,
891 1170 992 1219 satis
1010 1170 1206 1235 cognitis
1228 1170 1381 1216 omni-

86 1250 173 1298 bus
187 1285 201 1308 ‚
224 1248 362 1296 vivos
385 1244 644 1295 combuffit.

153 1308 316 1368 XLVI.
346 1318 507 1365 Fabius
520 1352 535 1376 ‚
555 1316 609 1363 ab
629 1312 825 1362 Sueffula
844 1311 1073 1375 profectus
1086 1346 1101 1369 ‚
1119 1311 1269 1374 Arpos
1290 1309 1379 1373 pri·

90 1412 216 1442 mum
240 1391 397 1440 institit
425 1405 700 1454 oppugnare.
733 1387 809 1434 ubi
831 1403 931 1433 cum
954 1403 978 1432 a
1002 1384 1257 1449 quingentis
1285 1384 1380 1430 fere

87 1467 284 1532 paffibus
315 1465 456 1513 castra
487 1462 723 1527 posuisset,
751 1460 1082 1523 contemplatus
1110 1476 1167 1505 ex
1190 1458 1384 1521 propin-

89 1557 186 1605 quo
207 1540 337 1587 situm
355 1537 476 1585 urbis
496 1534 779 1598 moeniaque,
803 1550 904 1596 quae
923 1549 1024 1595 pars
1040 1531 1251 1577 rurist-ima
1269 1545 1384 1575 moe-

89 1613 223 1673 nibus
255 1625 376 1671 erat‚
409 1628 499 1675 qua
530 1610 725 1657 maxime
756 1607 999 1671 negiefitam
1033 1605 1280 1653 custodiam
1309 1603 1385 1651 vi-

90 1688 182 1746 dit,
196 1704 245 1734 ea
262 1685 540 1750 potiffimum
557 1682 735 1747 aggredi
754 1680 917 1728 statuit.
936 1679 1221 1743 Gomparatis
1238 1676 1386 1725 omni·

91 1762 201 1820 bris,
239 1777 342 1825 quae
368 1758 424 1805 ad
454 1757 586 1803 urbes
619 1754 946 1820 oppugnandas
980 1753 1077 1799 usui
1107 1751 1236 1810 sunt,
1273 1767 1385 1798 cen-

90 1835 328 1883 turionum
361 1831 532 1879 robora
564 1847 621 1876 ex
647 1843 749 1876 toto
775 1827 975 1875 exercitu
1003 1825 1198 1890 delegit,
1235 1824 1386 1870 tribu-

93 1908 268 1971 nosque
300 1906 428 1955 viros
462 1905 602 1952 fortes
639 1903 701 1950 eis
736 1901 971 1965 praefecit,
1006 1903 1056 1948 &
1085 1900 1253 1946 milites
1285 1898 1385 1944 sex·
1456 1899 1467 1902 “

96 1995 289 2040 centos,
323 1991 539 2044 quantum
571 1978 672 2025 satis
702 1977 849 2026 visum
887 1976 980 2033 est,
1016 1974 1246 2021 attribuit:
1283 1971 1388 2018 eos-

96 2073 186 2119 que
202 2091 214 2113 ,
238 2054 316 2101 ubi
334 2066 507 2118 quartae
536 2051 704 2115 vigiliae
735 2051 906 2114 {ignum
929 2047 1179 2104 cecinisset,
1205 2046 1262 2093 ad
1282 2062 1388 2092 eum

96 2126 253 2173 locum
286 2125 422 2171 scalas
450 2123 570 2186 juffit
600 2122 728 2169 ferre.
761 2123 895 2168 Porta
918 2120 980 2165 ibi
1010 2118 1191 2166 humilis
1223 2119 1273 2165 ὅ(
1306 2134 1388 2163 an-

98 2200 221 2265 gusta
250 2209 368 2257 erat,
393 2197 465 2245 via
484 2195 761 2260 infrequenti
783 2211 861 2258 per
882 2193 1093 2240 desertam
1114 2205 1286 2255 partem
1307 2208 1390 2236 ur-

97 2273 196 2321 bis:
232 2288 328 2319 eam
361 2281 539 2334 'portam
576 2270 703 2317 scalis
731 2269 854 2332 prius
886 2265 1168 2331 transgressos
1200 2265 1255 2312 ad
1285 2281 1391 2311 mu·-

98 2363 198 2393 rum
226 2360 411 2408 pergere
431 2380 445 2402 ,
480 2345 530 2392 &
555 2360 612 2390 ex
641 2342 858 2389 interiore
883 2352 1009 2404 parte
1028 2339 1077 2388 vi
1104 2338 1292 2386 claustra
1316 2353 1390 2383 re-

99 2418 298 2481 fringere
337 2416 494 2479 jubet,
535 2418 586 2464 ὅ(
622 2426 824 2462 tenentes
866 2427 1038 2477 partem
1082 2411 1205 2459 urbis
1245 2425 1392 2457 cornu

98 2489 271 2554 {ignum
291 2490 420 2548 dare,
454 2501 506 2536 ut
536 2500 697 2571 cqterae
726 2486 872 2551 copiae
901 2487 1283 2535 admoverentur:
1309 2497 1394 2544 paq
