1628 2890
273 125 807 189 HrsTo‘RlARUM
853 141 976 188 Liss.
1010 142 1226 189 XXVII.
1295 149 1388 237 {7⁹

114 245 251 304 ritus,
271 247 417 294 literas
435 248 628 293 Romam
657 247 711 293 ad
740 246 937 293 senatum
966 248 1020 294 de
1045 248 1157 295 duce
1183 250 1234 295 ὅ(
1259 264 1387 294 exer-

114 321 206 367 citu
244 322 299 367 ad
336 321 620 367 Herdoneam
655 318 809 366 amiffo
843 319 1006 367 scribit.
1055 337 1247 378 ceterum,
1289 339 1388 366 curz-

113 398 206 440 dem
222 395 299 454 fi,
329 396 398 455 qui
418 395 511 459 post
528 394 779 454 Cannensem
796 411 986 454 pugnam
1005 394 1184 453 ferocem
1214 396 1390 441 vifforia

110 469 400 514 Hannibalem
420 466 680 531 contudiffit‚
704 470 760 512 ire
785 468 979 527 aa'verfits
1004 486 1091 513 eum
1107 502 1121 525 ‚
1149 470 1299 513 brevem
1324 467 1392 511 illi

112 542 300 586 laetitlam
317 575 330 595 ‚
359 559 440 601 qua
470 541 668 600 exsistet,
686 539 916 598 faffzmtm.
949 541 1004 584 Et
1024 540 1182 585 Romae
1206 538 1390 602 quidem

111 627 218 657 cum
243 612 382 658 luftus
410 611 566 676 ingens
587 627 643 656 ex
661 611 891 673 praeterito
909 647 923 669 ‚
957 622 1053 656 tum
1084 611 1224 656 timor
1247 610 1292 655 in
1319 608 1390 654 fu-
1421 660 1428 666 ,-

112 696 261 730 turum
291 696 397 730 erat.
431 682 630 741 Consul,
663 699 720 728 ex
739 683 922 729 Samnio
943 683 991 729 in
1011 685 1218 730 Lucanos
1249 681 1391 728 trans-

111 756 301 818 greffus,
329 756 385 803 ad
412 755 747 802 Numistronem
778 755 826 800 in
858 753 1098 816 conspectu
1126 754 1392 801 Hannibalis

112 830 220 876 loco
241 829 405 891 plano,
429 846 532 875 cum
553 830 723 874 Poenus
753 828 918 874 collem
935 839 1129 885 teneret,
1152 828 1301 890 posuit
1321 845 1393 874 ca-

112 900 211 948 stra.
241 901 424 949 Addidit
441 904 490 950 &
512 900 640 947 aliam
662 899 837 947 fidentis
858 901 1046 962 speciem
1062 937 1078 957 ‚
1109 901 1235 964 quod
1263 900 1391 963 prior

114 973 163 1021 in
184 976 324 1022 aciem
347 975 515 1021 eduxit.
550 991 634 1022 nec
655 973 918 1020 detrectavit
935 973 1187 1031 Hannibal,
1205 986 1256 1020 ut
1272 974 1393 1037 figna

113 1047 257 1110 portis
286 1046 432 1093 efferri
460 1045 587 1093 vidit.
621 1049 682 1092 Ita
713 1057 860 1092 tamen
888 1045 1026 1092 aciem
1054 1044 1357 1092 instruxerunt
1374 1082 1392 1102 ‚

113 1132 162 1167 ut
181 1122 344 1167 Poenus
374 1120 583 1166 dextrum
609 1135 754 1166 cornu
779 1119 828 1165 in
864 1119 1027 1165 collem
1048 1118 1266 1183 erigeret,
1292 1119 1393 1165 Ro-

114 1195 236 1240 mani
270 1193 490 1240 sinistrum
521 1192 577 1238 ad
610 1192 828 1255 oppidum
859 1192 1143 1254 applicarent.
1179 1192 1248 1237 Ab
1281 1191 1394 1237 hora

115 1266 243 1314 tertia
275 1283 377 1313 cum
398 1266 450 1312 ad
471 1255 649 1312 noctem
678 1282 873 1330 pugnam
891 1265 1224 1322 extendissent,
1249 1263 1395 1309 feffae-

113 1355 200 1403 que
220 1338 462 1402 pugnando
483 1337 637 1400 primae
657 1337 771 1384 acies
797 1338 960 1396 essent,
986 1338 1040 1384 ab
1059 1336 1276 1383 Romanis
1301 1336 1394 1398 pri-

114 1427 188 1458 ma
212 1412 329 1473 legio
356 1413 405 1458 &
433 1411 613 1456 dextera
632 1411 700 1456 ala
715 1445 728 1468 ‚
761 1411 817 1457 ab
835 1410 1080 1456 Hannibale
1099 1409 1285 1471 Hispani
1306 1410 1393 1455 mi-

112 1485 212 1531 lites
241 1487 290 1532 &
311 1484 512 1531 funditor
530 1484 713 1530 Baliaris
730 1520 742 1542 ‚
766 1483 989 1545 elephanti
1020 1499 1206 1545 quoque
1221 1518 1236 1540 ‚
1265 1499 1394 1529 com-

116 1558 244 1606 miffo
274 1556 359 1619 jam
392 1556 630 1603 certamine
656 1557 702 1601 in
735 1556 946 1618 proelium
982 1554 1079 1601 acti.
1116 1554 1215 1601 Diu
1244 1571 1397 1618 pugna

114 1643 278 1679 neutro
306 1629 517 1676 inclinata
550 1629 679 1674 stetit.
711 1629 867 1674 Primae
897 1628 1063 1691 legioni
1088 1629 1247 1686 tertia,
1280 1629 1390 1674 ‹lex-

114 1717 222 1751 terae
242 1702 320 1749 alae
343 1702 507 1748 sinistra
526 1702 657 1747 subiit
676 1738 690 1758 ,
719 1702 767 1748 &
787 1695 906 1763 apud
924 1699 1070 1746 hostes
1090 1699 1248 1763 integri
1268 1717 1291 1746 a
1312 1699 1393 1746 fes-

115 1778 171 1825 sis
197 1794 387 1840 pugnam
410 1792 632 1837 accepere.
666 1776 852 1821 Novum
882 1785 1013 1837 atque
1033 1788 1165 1820 atrox
1182 1773 1394 1835 proelium

114 1867 172 1897 ex
191 1862 280 1896 tam
298 1849 418 1912 segni
441 1859 623 1910 repente
645 1847 825 1905 exarsit,
840 1845 1093 1892 recentibus
1111 1844 1268 1890 animis
1289 1860 1395 1890 cor-

117 1921 414 1986 poribusque:
452 1919 524 1965 sed
555 1937 647 1965 nox
677 1919 847 1965 incerta
873 1917 1064 1965 victoria
1098 1915 1274 1962 diremit
1308 1932 1395 1977 pu-

118 2006 318 2060 gnantes.
347 1993 530 2040 Postero
555 1992 627 2037 die
652 1991 849 2037 Romani
877 1990 931 2036 ab
952 1988 1043 2034 sole
1065 2000 1171 2034 orto
1201 1987 1246 2032 in
1276 1986 1395 2032 mul-

116 2078 214 2112 tum
237 2065 321 2110 diei
347 2064 502 2110 stetere
530 2064 576 2109 in
602 2062 719 2109 acie:
749 2061 828 2107 ubi
855 2076 988 2106 nemo
1018 2058 1214 2105 hostium
1239 2059 1396 2104 adver-

118 2136 188 2183 sus
207 2134 377 2199 prodiit
394 2171 407 2191 ,
435 2134 574 2197 spolia
594 2151 673 2197 per
701 2132 845 2178 otium
872 2132 1048 2195 legere,
1081 2131 1130 2176 &
1157 2128 1396 2192 congestos

119 2209 169 2255 in
199 2225 337 2254 unum
368 2207 520 2254 locum
552 2222 807 2255 cremavere
826 2205 943 2253 suos.
976 2204 1120 2251 No&e
1145 2202 1395 2266 insequenti

122 2279 345 2328 Hannibal
365 2279 538 2326 silentio
555 2279 705 2326 movit
728 2278 886 2336 castra,
906 2281 954 2326 &
973 2278 1018 2324 in
1038 2276 1243 2339 Apuliam
1262 2275 1394 2322 abiit:

120 2350 363 2398 Marcellus
378 2386 392 2409 ,
415 2350 492 2396 ubi
514 2350 591 2396 lux
618 2349 765 2414 fugam
795 2349 989 2396 hostium
1007 2347 1182 2411 aperuit
1197 2383 1211 2405 ,
1240 2346 1396 2393 sauciis

123 2440 224 2473 cum
250 2424 453 2487 praefidio
475 2423 662 2473 modico
684 2422 977 2472 Numistrone
1000 2421 1161 2469 relictis
1179 2456 1195 2479 ‚
1216 2434 1396 2483 praepo-2
