1628 2890
213 146 305 191 204
557 133 1112 180 T1T1L1V11

207 235 303 282 vim
335 235 381 281 in
414 235 600 298 puppim
639 235 882 283 statuebat:
921 236 1054 295 dein,
1092 237 1263 284 remissa
1305 237 1480 297 subito,

208 308 338 353 velut
368 325 422 354 ex
454 324 586 354 muro
618 309 847 355 cadentem
881 308 1034 356 navim
1063 327 1164 357 cum
1192 311 1358 374 ingenti
1387 325 1479 358 tre-

206 379 435 442 pidatione
459 393 695 427 nautarum
721 381 781 428 ita
805 383 937 428 undae
958 381 1201 444 affligebat,
1228 396 1302 441 ut,
1331 384 1480 430 etiam-

206 451 239 497 fi
267 453 383 500 refla
404 453 621 500 reciderat
640 488 653 510 ‚
689 452 967 516 aliquantum
1000 466 1127 516 aquae
1157 454 1387 517 acciperet.
1421 455 1480 501 ita

205 524 426 570 maritima
450 524 732 587 oppugnatio
755 523 814 570 est
833 523 976 583 elusa,
1001 523 1234 589 omnisque
1253 526 1322 573 vis
1341 525 1401 571 est
1422 542 1481 572 eo

206 597 361 656 versa,
393 609 445 644 ut
469 598 576 646 totis
601 597 774 644 viribus
804 609 921 644 terra
940 598 1291 660 aggrederentur.
1323 599 1405 644 Sed
1429 615 1482 645 ea

205 685 388 731 quoque
417 686 516 731 pars
549 669 708 716 eodem
746 669 872 715 omni
908 682 1121 732 apparatu
1147 681 1481 717 tormentorum

206 740 410 789 instru&a
436 753 555 799 erat,
587 741 799 789 Hieronis
827 742 1032 805 impensis
1059 760 1251 805 curaque
1270 759 1348 805 per
1366 744 1482 790 mul-

206 824 278 859 tos
319 829 462 859 annos
483 847 496 871 ,
531 812 810 860 Archimedis
845 814 976 860 unica
1009 825 1114 860 arte.
1162 826 1315 861 natura
1349 814 1483 861 etiam

204 885 392 947 juvabat
416 886 536 946 loci,
564 887 690 952 quod
715 887 862 935 saxum
880 924 893 947 ‚
920 888 994 935 cui
1016 888 1221 951 imposita
1242 888 1357 934 muri
1378 887 1482 935 fun-

206 957 412 1005 damenta
446 959 575 1018 sunt,
610 976 770 1023 magna
810 977 864 1006 ex
898 974 1021 1023 parte
1056 961 1116 1007 ita
1150 960 1354 1021 proclive
1391 960 1482 1019 est,

207 1044 257 1079 ut
276 1048 370 1078 non
400 1031 542 1078 solum
569 1033 690 1078 miffa
712 1044 942 1078 tormento
958 1067 971 1089 ,
993 1033 1066 1077 sed
1088 1030 1218 1076 etiam
1239 1048 1338 1094 quae
1364 1049 1483 1093 pon-

209 1104 312 1163 dere
340 1104 420 1151 suo
451 1104 702 1166 provoluta
733 1101 898 1162 essent,
929 1102 1124 1166 graviter
1156 1104 1202 1149 in
1220 1102 1392 1149 hostem
1412 1101 1482 1149 in-

209 1177 422 1224 ciderent.
453 1177 603 1223 eadem
631 1176 756 1223 causa
783 1176 837 1222 ad
874 1175 1150 1222 subeundum
1174 1175 1362 1222 arduum
1392 1174 1482 1221 adi·

207 1262 303 1297 tum
336 1250 670 1312 instabilemque
703 1249 938 1312 ingressum
967 1247 1204 1310 praebebat.
1239 1250 1334 1306 Ita,
1366 1264 1482 1295 con-

207 1324 308 1370 filio
347 1323 532 1381 habito,
568 1340 670 1371 cum
707 1323 855 1369 omnis
890 1333 1079 1369 conatus
1114 1321 1310 1367 ludibrio
1349 1320 1482 1380 esset,

208 1393 411 1442 absistere
450 1394 826 1458 oppugnatione,
861 1405 991 1457 atque
1025 1393 1270 1440 obfidendo
1310 1404 1484 1441 tantum
1537 1435 1548 1439 Α,

210 1486 359 1516 arcere
380 1480 494 1514 terra
513 1467 711 1530 marique
734 1466 1052 1514 commeatibus
1074 1465 1246 1512 hOstem
1271 1464 1449 1527 placuit.

274 1541 476 1588 XXXV.
501 1540 681 1587 Interim
700 1539 934 1587 Marcellus
949 1575 962 1597 ‚
993 1556 1095 1586 cum
1115 1538 1241 1585 tertia
1270 1536 1360 1583 fere
1380 1554 1484 1600 par-

210 1624 255 1659 te
286 1612 505 1660 exercitus
538 1613 593 1659 ad
620 1612 897 1675 recipiendas
928 1611 1058 1659 urbes
1095 1609 1351 1674 profectus,
1384 1627 1484 1673 quae

210 1685 257 1733 in
278 1697 406 1732 motu
438 1702 585 1732 rerum
613 1686 669 1732 ad
686 1684 1068 1749 Carthaginienses
1089 1683 1340 1731 defecerant
1355 1718 1369 1739 ‚
1394 1684 1483 1730 He-

209 1760 362 1807 lorum
389 1771 521 1824 atque
541 1759 826 1817 Herbeffum,
852 1758 1113 1805 dedentibus
1142 1756 1242 1820 ipsis
1261 1792 1274 1815 ‚
1309 1755 1484 1819 recipit.

209 1835 392 1897 Megara
411 1833 458 1881 vi
477 1845 602 1896 capta
629 1833 767 1879 diruit
790 1850 840 1879 ac
871 1831 1080 1893 diripuit,
1098 1830 1151 1877 ad
1174 1830 1450 1893 reliquorum
1468 1864 1484 1887 ,

212 1924 264 1954 ac
281 1906 470 1953 maxime
489 1905 872 1970 Syracusanorum
888 1941 902 1964 ,
916 1917 1148 1950 terrorem.
1181 1905 1263 1950 Per
1283 1903 1399 1949 idem
1420 1902 1486 1949 fe-

212 1995 261 2025 re
295 1989 468 2041 tempus
500 1980 550 2025 &
579 1977 804 2036 Himilco,
836 1976 912 2041 qui
943 1977 998 2022 ad
1024 1974 1226 2039 Pachyni
1261 1990 1484 2037 promon-

211 2050 380 2098 torium
410 2050 584 2098 claffem
613 2049 688 2096 diu
707 2060 935 2106 tenuerat,
966 2048 1021 2094 ad
1038 2047 1301 2094 Heracleam
1318 2083 1333 2106 ,
1353 2063 1486 2110 quam

213 2135 386 2173 vocant
410 2122 613 2170 Minoam
633 2158 647 2181 ‚
680 2123 876 2187 quinque
911 2123 960 2169 &
987 2120 1149 2183 viginti
1180 2120 1320 2166 millia
1357 2120 1485 2182 pedi-

212 2209 340 2255 tum,
375 2196 459 2243 tria
494 2195 725 2258 equitum,
761 2194 1002 2242 duodecim
1034 2193 1300 2255 elephantos
1338 2209 1487 2255 expo-

213 2267 322 2315 suit:
358 2285 640 2332 nequaquam
671 2285 772 2314 cum
800 2266 971 2330 quantis
1000 2265 1142 2327 copiis
1169 2276 1268 2310 ante
1287 2275 1489 2312 tenuerat

214 2339 274 2385 ad
304 2338 567 2402 Pachynum
596 2336 783 2384 claffem.
817 2338 928 2396 Sed,
954 2336 1186 2399 postquam
1216 2335 1271 2380 ab
1305 2334 1488 2397 Hippo-

216 2411 333 2460 crate
377 2422 607 2475 occupatae
647 2409 876 2476 Syracusae
911 2420 1073 2471 erant,
1111 2407 1336 2473 profectus
1375 2410 1488 2463 Car-⁴

1618 2252 1623 2463 i

1617 2487 1623 2661 ¹
