1628 2890
213 178 802 231 HtsToRtARUM
836 180 970 229 ΜΒ.
1003 178 1200 227 xxiv.
1283 196 1370 244 177

85 291 249 341 iterum
277 292 325 339 in
352 290 540 338 dubium
574 291 759 339 adducta
793 308 876 339 res.
906 292 1025 339 Cum
1055 291 1268 357 utrinque
1293 294 1376 340 du—'

87 382 184 422 ce3.‚
203 366 438 411 Romanus
456 363 678 411 Bruttium
700 366 1048 428 Lucanumque,
1079 366 1214 413 toties
1235 383 1258 413 a
1280 384 1378 413 ma-

85 435 260 499 joribus
295 435 380 483 suis
410 437 557 486 victos
594 435 915 500 subactosque3
951 439 1122 485 Poenus
1153 441 1373 503 mancipia

86 511 294 558 Romana
324 511 375 557 &
406 527 466 557 ex
497 508 718 573 ergastulo
753 510 971 569 militem,
1009 511 1161 558 verbis
1196 513 1378 560 obtere-

86 598 181 642 ret;
205 584 434 648 postremo
452 583 719 647 pronuntiat
738 584 999 643 Gracchus,
1020 585 1091 649 eſj'e}
1111 588 1246 643 nihil,
1265 592 1378 649 quod

88 663 139 707 de
163 661 344 706 libertate
360 659 606 720 sperarent,
634 656 721 721 tufi
739 675 783 703 eo
814 660 881 704 die
899 657 996 722 ,βψ
1009 658 1233 722 fugatique
1253 663 1380 730 hostes

87 732 226 798 effem.
1426 788 1430 789 ⁷

154 807 281 853 XVI.
312 798 375 851 Ea
401 804 580 851 demum
610 819 711 851 vox
744 802 807 851 ita
836 802 1013 852 animos
1049 806 1288 866 accendit,
1309 821 1382 854 at-

88 894 178 942 que
196 886 419 923 renovato
436 876 660 941 clamore,
677 876 807 921 velut
830 874 905 920 alii
927 887 1112 937 repente
1134 876 1234 924 fatri
1247 914 1260 936 ‚
1280 890 1379 925 tan-

89 961 134 998 ta
160 949 204 996 vi
225 947 267 995 se
293 948 339 993 in
368 945 540 993 hostem
562 943 809 992 intulerunt
823 982 836 1003 ,
857 958 906 992 ut
926 947 1128 1002 sustineri
1149 950 1264 997 ultra
1282 967 1381 998 non

90 1021 284 1086 possent.
315 1020 462 1066 Primo
486 1017 762 1082 antesignani
778 1019 1054 1077 Poenorum,
1078 1019 1239 1068 deinde
1260 1022 1381 1086 signa

91 1094 348 1159 perturbata
363 1128 376 1151 ‚
395 1091 624 1155 postremo
648 1103 744 1138 tota
764 1091 951 1154 impulsa
971 1093 1108 1140 acies:
1138 1093 1243 1140 inde
1260 1095 1383 1141 haud

91 1168 229 1215 dubie
267 1179 388 1229 terga
425 1164 559 1221 data,
604 1177 832 1227 ruuntque
867 1163 1088 1227 fugientes
1125 1163 1173 1210 in
1211 1165 1382 1225 castra,

94 1240 210 1288 adeo
240 1237 389 1302 pavidi
408 1236 685 1300 trepidique,
712 1244 838 1283 utne
860 1236 914 1293 ‚in
940 1237 1084 1300 portis
1104 1238 1283 1301 quidem
1304 1254 1383 1288 aut

94 1313 222 1364 vallo
242 1311 474 1376 quisquam
494 1309 716 1370 restiterit,
739 1327 789 1357 ac
808 1327 953 1373 prope
972 1311 1385 1376 continenti-agmi-

95 1404 154 1435 ne
180 1385 376 1433 Romani
411 1383 626 1442 insecuti,
657 1399 835 1430 novum
867 1384 921 1430 de
956 1383 1133 1447 integro
1166 1386 1383 1448 proelium

96 1459 253 1510 inclufi
272 1457 465 1504 hostium
483 1456 605 1503 vallo
632 1455 868 1503 ediderint.
902 1456 966 1502 Ibi
999 1456 1112 1504 ficut
1135 1473 1283 1520 pugna
1300 1458 1386 1504 imo

96 1531 294 1598 peditior
324 1529 371 1576 in
405 1528 643 1593 angustiis,
682 1529 742 1575 ita
779 1529 919 1576 caedes
957 1530 1160 1577 atrocior
1191 1529 1300 1577 fuit:
1335 1533 1385 1579 &

97 1606 315 1669 adjuvere
338 1604 537 1666 captivi,
561 1602 641 1667 qui
657 1638 671 1662 ‚
690 1614 817 1666 rapto
841 1604 959 1650 inter
979 1604 1221 1650 tumultum
1240 1604 1387 1663 ferro,

100 1677 365 1743 conglobati
388 1680 436 1725 &
454 1677 508 1723 ab
525 1689 651 1741 tergo
673 1676 933 1724 ceciderunt
953 1676 1123 1724 Poenos
1137 1713 1150 1735 ,
1169 1679 1218 1726 &
1236 1677 1389 1742 fugam

100 1752 414 1816 impedierunt.
448 1753 602 1814 Itaque
635 1747 782 1796 minus
803 1749 896 1803 duo
918 1749 1057 1796 millia
1077 1749 1314 1797 hominum
1333 1768 1391 1798 ex

101 1839 231 1874 tanto
264 1823 495 1881 exercitu,
528 1823 576 1870 &
611 1838 672 1869 ea·
695 1820 845 1883 major
878 1838 976 1885 pars
1011 1822 1244 1885 equitum,
1286 1840 1390 1870 cum

101 1898 202 1962 ipso
245 1898 356 1944 duce
390 1894 641 1959 effugerunt
669 1909 679 1941 π
711 1894 786 1940 alii
821 1908 979 1941 omnes
1018 1893 1115 1940 caefi
1150 1907 1225 1940 aut
1259 1894 1392 1956 capti.

106 1987 236 2034 capta
256 1973 304 2018 ὅ(
320 1970 437 2032 signa
458 1968 909 2032 duodequadraginta.
943 1969 1009 2014 Ex
1029 1966 1277 2013 victoribus
1298 1968 1391 2013 duo

103 2043 245 2092 millia
272 2041 409 2088 ferme
442 2039 658 2087 cecidere.
697 2041 847 2103 praeda
877 2040 1026 2086 omnis
1067 2038 1394 2102 (praeterquam

105 2116 343 2166 hominum
367 2113 636 2178 captorum)
663 2114 795 2161 milit-i
820 2113 1024 2161 concessa
1057 2113 1144 2159 est:
1177 2115 1225 2160 &
1255 2129 1395 2175 pecus

104 2202 345 2254 exceptum
375 2190 460 2246 est,
487 2188 612 2252 quod
643 2188 756 2234 intra
785 2188 877 2234 dies
904 2186 1085 2249 triginta
1106 2186 1280 2231 domini
1307 2201 1393 2232 co·-

105 2261 380 2330 gnovifl'ent.
410 2263 529 2308 Cum
557 2261 705 2323 praeda
732 2258 882 2306 onusti
911 2258 1127 2323 inc-astra
1157 2257 1396 2315 redissent,

107 2348 304 2402 quatuor
338 2334 477 2382 millia
511 2332 650 2381 ferme
685 2335 912 2380 volonum
947 2333 1170 2389 militum,
1205 2332 1282 2394 qui
1308 2349 1397 2394 pu-

109 2418 359 2473 gnaverant
388 2404 587 2469 segnius,
614 2421 696 2452 nec
718 2405 764 2450 in
795 2404 934 2451 castra
965 2403 1214 2465 irruperant
1242 2402 1398 2460 fimul,

113 2493 239 2529 metu
273 2496 422 2542 poena:
453 2479 618 2525 collem
651 2477 770 2526 haud
794 2476 956 2541 procul
985 2475 1134 2525 castris
1165 2486 1397 2539 ceperunt.

181 2555 231 2600 T.
256 2554 348 2598 Liv.
376 2555 473 2598 Vol.
502 2552 586 2596 IV.
1092 2551 1139 2594 M
