1628 2890
278 160 819 225 HisToRtARUM
866 162 996 209 ΜΒ.
1045 160 1226 209 xxm
1340 178 1397 224 73

111 270 304 319 tumultu
326 305 341 329 ‚
382 267 592 317 revocati
632 268 678 315 in
717 268 888 317 curiam
923 271 1071 316 Patres
1106 269 1270 327 essent,
1305 268 1404 314 aliae

110 345 290 408 insuper
319 360 376 390 ex
404 343 552 390 Sicilia
586 343 726 389 literae
753 342 894 388 allatae
924 342 1021 389 sunt
1042 343 1096 389 ab
1119 343 1176 389 T.
1198 341 1403 388 Otacilio

110 427 393 480 propraetore
409 452 423 475 ‚
457 419 648 479 Regnum
668 418 872 462 Hieronis
895 414 1012 478 claſjf:
1033 418 1202 461 Punica
1224 416 1402 480 vastari:

109 492 177 536 cui
209 510 298 536 cum
331 509 446 551 opem
482 490 728 550 imploranti
745 487 855 546 ftrre
882 493 1001 534 vellat
1020 524 1031 543 ,
1052 492 1296 536 nunciatum
1310 489 1403 553 fibi

109 563 208 628 ff>
234 567 367 610 aliam
385 561 546 627 claffim
570 565 630 608 ad
646 565 824 623 AEgates
860 562 1022 622 infidas
1038 564 1177 628 stare,
1202 579 1404 624 paratam

110 639 451 703 instruft'amque,'
474 653 544 692 ut,
567 638 639 682 ubi
657 637 709 696 ι[ὲ
734 636 895 696 νεζρινη
928 638 988 680 ad
1004 640 1201 681 tuendam
1218 641 1403 697 Syracu·-

104 712 258 770 fimum
278 729 393 757 oram
412 712 537 755 Poeni
554 706 770 772 finstffint
785 742 798 765 ‚
828 709 1056 767 Lilybaeum
1075 712 1279 768 extemplo
1300 726 1403 768 pro-

107 786 368 846 vinciamque
384 787 514 829 aliam
536 785 776 828 Romanam
795 783 1117 842 aggrederentur.
1139 784 1274 841 itaque
1293 781 1402 840 claſs-

98 860 151 918 se
185 876 287 918 opus
306 855 375 920 effi
392 893 406 913 ,
426 856 478 920 st
498 874 624 917 regem
638 856 805 916 socium
826 855 1098 914 Siciliamque
1116 857 1217 899 tueri
1242 857 1404 900 vellent.

178 932 313 977 LVH.
348 929 507 976 Literis
534 927 732 976 consulis
752 924 1134 989 propraetorisque
1163 924 1310 981 leffis,
1340 928 1402 972 M.

113 1002 389 1062 Claudium,
426 1002 504 1066 qui
539 1000 658 1048 claffi
697 999 751 1046 ad
787 998 959 1046 Ostiam
998 997 1129 1045 stanti
1170 997 1402 1059 praeesset,

111 1075 354 1122 Canusium
390 1075 444 1122 ad
479 1073 729 1123 exercitum
761 1071 1064 1128 mittendum,
1098 1070 1405 1118 scribendum·

112 1165 200 1211 que
243 1149 448 1208 consuli,
483 1159 562 1205 ut,
597 1164 699 1194 cum
746 1143 929 1209 praetori
975 1145 1224 1191 exercitum
1264 1143 1406 1190 tradi-

110 1221 257 1280 disset,
274 1221 424 1285 primo
453 1236 637 1284 quoque
666 1232 900 1283 tempore,
920 1230 1140 1284 quantum
1174 1235 1253 1281 per
1280 1235 1406 1265 com·

113 1294 301 1340 modum
339 1292 602 1356 reipublicae
636 1290 735 1338 fieri
769 1291 944 1354 posset,
982 1292 1175 1338 Romam
1211 1290 1404 1339 veniret.

110 1366 281 1414 Tetriti
309 1365 443 1426 etiam
470 1365 601 1427 super
618 1376 760 1412 tantas
780 1364 929 1411 clades
948 1400 963 1422 ‚
988 1381 1090 1412 cum
1125 1364 1282 1411 ceteris
1300 1379 1407 1425 prc-

111 1437 270 1501 (ligiis,
303 1453 397 1484 turn
431 1436 557 1499 quod
592 1436 691 1481 duae
713 1434 912 1482 Vestales
946 1451 1003 1482 eo
1032 1452 1155 1482 anno
1176 1471 1191 1493 ,
1221 1435 1406 1496 Opimia

111 1524 247 1574 atque
268 1510 482 1558 Floronia
497 1546 510 1569 ,
531 1509 669 1573 stupri
690 1523 964 1572 compertae3
986 1512 1035 1558 &
1053 1509 1190 1556 altera
1209 1509 1289 1555 sub
1313 1522 1405 1556 ter-

112 1598 229 1641 ram,
256 1600 306 1631 ut
333 1601 432 1631 mos
460 1583 550 1641 est,
577 1585 631 1631 ad
662 1596 841 1647 portam
863 1584 1094 1632 Collinam
1128 1596 1282 1630 necata
1309 1584 1406 1630 fue-

55 1697 65 1710 ,
111 1669 206 1715 rat,
224 1658 360 1705 altera
379 1657 552 1704 sibimet
571 1655 660 1720 ipsa
682 1669 876 1705 mortem
896 1656 1193 1705 consciverat.
1218 1658 1267 1704 L.
1283 1657 1404 1704 Can-

111 1727 259 1789 tilius,
279 1729 436 1777 ‘scriba
459 1728 720 1793 pontificis,
746 1746 862 1793 quos
897 1747 1018 1777 nunc
1050 1729 1251 1777 minores
1282 1747 1405 1793 pon-

112 1799 253 1848 tifices
287 1803 512 1866 appellant
530 1838 544 1861 ‚
569 1802 646 1866 qui
683 1820 788 1849 cum
810 1803 1026 1849 Floronia
1045 1802 1245 1865 stuprum
1280 1802 1403 1850 fecc-

111 1885 206 1932 rat‚
235 1890 259 1920 a
279 1873 499 1937 pontifice
525 1875 729 1922 maximo
760 1891 817 1921 eo
847 1874 985 1939 usque
1016 1875 1156 1938 virgis
1179 1876 1227 1921 in
1257 1876 1403 1922 corni-

112 1945 179 1992 tio
215 1945 349 1994 caesus
379 1958 500 2005 erat,
539 1958 589 1993 ut
622 1947 739 1994 inter
775 1948 967 1996 verbera
1003 1948 1260 2011 exspiraret.
1298 1949 1402 1995 Hoc

115 2016 236 2064 nefas
269 2035 371 2065 cum
410 2018 527 2065 inter
562 2029 657 2077 tot,
692 2031 742 2066 ut
774 2018 851 2077 fit,
884 2019 1028 2067 clades
1061 2020 1108 2066 in
1141 2019 1402 2083 prodigium

114 2091 295 2139 versum
328 2092 460 2148 effer,
491 2092 739 2140 decemviri
764 2093 904 2140 libros
925 2093 1046 2139 adire
1074 2092 1173 2154 juffi
1205 2091 1317 2139 sunt.
1348 2095 1403 2138 Et

112 2167 175 2227 Q.
203 2166 363 2213 Fabius
396 2166 545 2213 Piaor
571 2166 782 2230 Delphos
809 2167 864 2214 ad
892 2166 1124 2214 oraculum
1158 2165 1307 2213 missus
1339 2165 1402 2211 est

110 2237 378 2287 sciscitatum
390 2276 403 2299 ‚
419 2239 580 2303 quibus
596 2240 802 2303 precibus
826 2232 1141 2304 suppliciisque
1156 2240 1284 2286 Deos
1301 2238 1401 2301 pos-

112 2309 206 2357 sent
226 2311 401 2373 placar'.
416 2348 429 2371 ,
452 2313 501 2360 &
521 2329 727 2376 quaenam
750 2312 899 2361 futura
922 2311 1024 2360 finis
1042 2313 1177 2359 tantis
1199 2311 1401 2361 cladibus

113 2381 247 2430 soret.
287 2386 468 2432 Interim
500 2403 557 2432 ex
590 2386 797 2435 fatalibus
824 2386 946 2434 libris
977 2384 1190 2433 sacrificia
1224 2385 1402 2448 aliquot

113 2458 465 2507 extraordinaria
499 2460 642 2518 fa&a;
677 2460 795 2508 inter
821 2477 923 2526 quae
958 2461 1113 2507 Gallus
1150 2463 1199 2509 &
1233 2459 1400 2517 Galla,
