1628 2890
278 140 838 192 HISTORIARUM
886 140 1011 190 LIB.
1055 140 1225 189 XXII.
1341 141 1399 190 81

117 253 247 322 costra
261 251 493 314 reficgerunt
505 265 520 292 -·
533 268 713 312 cumpro
730 253 844 296 vallo
855 253 1134 314 pugnandum
1151 265 1256 308 erat,
1275 252 1405 318 castra

117 329 400 384 tradiderunt,
422 343 547 387 neque
574 328 621 371 in
650 328 737 371 acie
762 344 886 386 neque
914 329 960 372 in
989 327 1129 392 castris
1145 329 1280 372 utiles.
1315 330 1359 369 V
1357 339 1406 370 os

118 401 352 447 redimam?
373 417 462 444 cum
483 415 681 458 erumpere
709 399 846 461 castris
876 414 1055 458 oportet,
1076 396 1328 444 cunflamini
1355 415 1406 460 ᾳε

117 476 295 520 manetis
313 489 328 517 :
348 491 438 519 cum
457 490 641 528 mamre,
659 469 787 536 castra
808 473 936 516 tutari
952 474 1083 517 armis
1099 469 1246 534 neceffit
1261 468 1405 538 ests&

117 548 247 613 castra
266 545 307 593 δ’
325 565 444 592 arma
464 544 507 592 ὃ·
521 562 595 590 vos
622 544 735 605 ipsos
754 542 924 588 traditis
944 543 1057 608 hosti.
1091 545 1188 605 Ego
1212 562 1298 590 non
1314 560 1407 589 ma-

115 623 183 681 gis
216 620 311 686 {flos
339 618 622 672 redimendos,
656 617 804 661 Patres
836 616 1077 675 conscripti,
1101 617 1259 677 cenfio,
1280 634 1407 678 quam

118 694 217 737 illos
249 691 458 735 dedendos
483 689 747 744 Hannibali,
765 690 836 748 qui
857 706 935 748 per
951 689 1109 732 medios
1137 689 1264 753 hostes
1288 707 1306 734 e
1330 707 1406 735 ca-

105 765 209 833 stris
227 776 440 823 eruperunt
453 795 467 819 ‚
484 778 534 806 ac
543 779 622 820 per
625 760 844 820 summam
866 762 1053 824 virtatem
1060 760 1112 820 fi
1121 763 1273 821 patriae
1299 761 1409 827 resti·

117 853 296 884 luerunt.

187 910 306 956 LXI.
337 905 629 969 Posteaquam
650 903 848 952 Manlius
868 903 1012 963 dixit,
1036 920 1290 969 quanquam
1322 910 1410 956 Pa-

118 995 239 1033 trum
269 995 454 1046 quoque
483 978 722 1042 plerosque
758 977 931 1042 captivi
965 979 1240 1043 cognatione
1268 981 1408 1027 attin-

119 1057 306 1121 gebant,
323 1064 484 1117 praeter
501 1051 757 1114 exemplum
776 1051 975 1099 civitatis
995 1050 1179 1099 minime
1199 1052 1246 1099 in
1267 1055 1407 1116 capti·

119 1145 211 1175 vos
228 1127 314 1189 jam
341 1125 444 1172 inde
469 1124 718 1188 antiquitus
737 1123 1036 1188 indulgentis,
1054 1125 1260 1188 pecuniae
1284 1143 1408 1189 quo-

117 1218 208 1267 que
228 1199 395 1246 summa
425 1197 634 1245 homines
662 1197 843 1244 movit:
863 1197 967 1260 quia
997 1214 1082 1244 nec
1103 1198 1306 1246 aerarium
1325 1216 1409 1246 ex·

117 1272 325 1329 haurire,
359 1286 519 1334 magna
549 1268 640 1331 jam
660 1267 828 1315 summa
859 1280 1042 1332 erogata
1074 1269 1120 1316 in
1156 1268 1314 1317 servos
1350 1271 1408 1318 ad

119 1345 326 1394 militiam
357 1342 574 1390 emendos
601 1341 956 1405 armandosque,
993 1358 1078 1389 nec
1106 1344 1409 1392 Hannibalem

120 1417 315 1466 maxime
344 1413 527 1475 hujusce
556 1414 649 1473 rei,
681 1425 733 1461 ut
763 1412 879 1460 fama
898 1428 1018 1473 erat,
1042 1426 1248 1479 egentem
1278 1416 1407 1465 locu-

121 1491 279 1556 pletari
314 1488 546 1535 volebant.
585 1488 704 1534 Cum
741 1487 863 1534 triste
899 1487 1189 1551 responsum,
1221 1509 1308 1537 non
1340 1513 1406 1540 re-

122 1568 227 1612 dimi
246 1565 459 1624 captivos‚
491 1560 713 1608 redditum
747 1560 880 1619 effet,
908 1561 1147 1626 novusque
1174 1562 1305 1628 super
1321 1582 1407 1613 ve-

119 1651 259 1685 terem
293 1635 435 1682 Ιιιξὶυε
454 1646 526 1681 tot
558 1633 724 1697 jaffiura
747 1634 918 1681 civium
939 1635 1134 1698 adjeEtus
1153 1638 1279 1698 effet,
1301 1657 1406 1690 cum

120 1709 293 1773 magnis
311 1707 488 1754 fletibus
507 1706 819 1771 questibusque
839 1706 1010 1772 legatos
1027 1709 1081 1755 ad
1096 1722 1276 1773 portam
1293 1729 1408 1776 pro-

121 1779 258 1828 secuti
283 1778 396 1824 sunt.
425 1780 555 1825 Unus
588 1795 642 1824 ex
671 1778 725 1826 iis
743 1779 930 1826 domum
957 1780 1093 1839 abiit,
1121 1782 1249 1844 quod
1275 1783 1406 1834 falla·-

121 1852 165 1900 ci
182 1851 330 1897 reditu
348 1851 394 1896 in
422 1849 559 1897 castra
583 1848 877 1912 jurejurando
894 1851 935 1898 se
954 1852 1230 1904 exsolvisset,
1258 1859 1405 1919 Quod

121 1926 200 1972 ubi
227 1923 456 1981 innotuit,
487 1923 762 1987 relatumque
795 1925 851 1971 ad
885 1924 1085 1974 senatum
1117 1927 1208 1989 est,
1243 1947 1405 1982 omnes

121 1995 413 2052 censuerunt,
430 1995 900 2057 comprehendendum
915 1998 966 2045 &
982 1997 1241 2049 custodibus
1259 2004 1406 2065 publi-

122 2085 175 2117 ce.
204 2068 313 2115 datis
348 2068 658 2115 deducendum
694 2069 748 2116 ad
785 2071 1084 2117 Hannibalem
1114 2072 1212 2120 effe.
1246 2074 1320 2122 Est
1356 2079 1408 2125 &

122 2142 207 2190 alia
235 2141 289 2188 de
328 2141 520 2204 captivis
552 2142 700 2202 fama,
735 2143 890 2190 decem
923 2144 1096 2206 primos
1130 2147 1311 2196 venisse.
1352 2152 1408 2198 de

120 2215 186 2262 eis
212 2231 316 2262 cum
344 2214 596 2262 dubitatum
627 2215 674 2261 in
711 2215 866 2262 senatu
894 2216 999 2263 effer
1016 2252 1030 2274 ,
1065 2218 1409 2271 admitterentur

122 2286 173 2333 in
204 2287 360 2333 urbem
378 2323 391 2345 ‚
425 2303 508 2334 nec
528 2304 615 2344 ne3
651 2288 712 2334 ita
728 2288 936 2335 admiffos
957 2289 1069 2349 effe,
1102 2308 1158 2338 ne
1184 2303 1331 2342 tamen
1353 2297 1408 2345 iis

123 2357 298 2405 senatus
312 2359 503 2406 daretur.
521 2359 806 2407 Morantibus
824 2359 984 2407 deinde
1001 2360 1183 2426 longius
1200 2368 1406 2417 omnium

123 2430 228 2494 spe,
258 2431 372 2479 alios
399 2444 486 2479 tres
519 2431 702 2498 insuper
725 2434 897 2500 legatos
919 2436 1115 2496 veniffe‚
1148 2440 1196 2488 L.
1224 2430 1412 2489 Scribo-v

192 2506 244 2550 T.
263 2507 358 2550 Liv.
392 2508 489 2551 Vol.
518 2509 607 2555 IV
1124 2513 1152 2554 F
