1628 2890
205 147 297 190 214
554 128 1127 176 T1T1L1V11

205 235 402 284 maxime
432 233 745 298 expugnatuti.
779 235 867 281 Cn.
902 234 1085 297 Scipio,
1116 247 1166 283 ut
1193 234 1324 283 sociis
1344 237 1500 300 p1=aefi⁴

148 317 164 332 ’
205 308 375 372 dioque
404 305 540 352 ferret
573 322 739 364 opem,
761 322 863 353 cum
898 305 1078 369 legione
1109 308 1315 370 expedita
1344 309 1499 371 profe-

202 383 329 439 &us‚
353 380 471 426 inter
501 379 608 426 bina
647 378 781 427 castra
820 395 921 426 cum
951 397 1112 443 magna
1143 382 1264 428 caede
1296 381 1497 430 hostium

202 454 363 499 urbem
382 451 442 498 est
471 451 684 516 ingressus
703 487 716 508 ‚
740 451 791 497 &
811 450 993 513 postero
1012 452 1081 498 die
1109 453 1348 515 eruptione
1368 472 1496 518 aeque

202 525 326 573 felici
357 524 590 588 pugnavit.
629 526 772 586 Supra
808 524 1047 572 duodecim
1082 525 1222 572 millia
1258 527 1499 575 hominum

204 596 318 643 caesa
348 597 525 644 duobus
547 597 752 660 proeliis:
779 598 878 659 plus
896 598 1018 643 mille
1045 598 1187 661 capti,
1211 616 1314 646 cum
1345 601 1419 648 sex
1445 602 1497 649 δε

204 671 388 734 triginta
415 671 680 718 militaribus
711 671 857 734 fignis.
892 671 952 718 ita
980 673 1036 718 ab
1064 674 1253 737 illiturgi
1284 674 1498 722 receffum

207 744 284 790 est.
330 745 515 808 Bigerra
540 746 643 791 inde
672 745 775 791 urbs
805 744 959 803 (socia
987 747 1037 792 δε
1060 747 1155 793 haec
1183 749 1502 797 Romanorum

207 817 342 881 erat)
368 822 414 864 'a
463 817 901 881 Carthaginiensibus
953 821 1208 882 oppugnari
1244 837 1393 883 coepta
1424 823 1502 871 est,

206 893 319 937 Eam
346 892 630 938 obsidionem
658 892 747 938 fine
771 891 1012 939 certamine
1039 894 1285 941 adveniens
1305 895 1389 942 Cn.
1407 897 1501 944 Sci-

205 965 288 1028 pio
316 964 466 1011 solvit.

274 1038 413 1084 XLII,
443 1037 515 1083 Ad
539 1037 758 1084 Mundam
794 1038 959 1084 exinde
988 1038 1124 1085 castra
1157 1038 1321 1086 Punica
1344 1050 1469 1086 mota
1488 1057 1503 1087 ε

209 1109 263 1155 &
291 1109 486 1155 Romani
506 1109 827 1156 eoconfestim
850 1109 990 1157 secuti
1018 1110 1131 1157 sunt.
1164 1111 1228 1157 Ibi
1255 1111 1386 1175 signis
1406 1111 1502 1159 col«-

210 1182 311 1230 latis
342 1195 584 1245 pugnatum
610 1202 689 1246 per
718 1199 915 1247 quatuor
945 1186 1082 1232 ferme
1106 1187 1242 1234 horas
1266 1205 1275 1232 :
1308 1187 1502 1250 egregie-³

210 1275 301 1321 que
331 1259 620 1307 vincentibus
654 1260 874 1308 Romanis
903 1260 1073 1324 {ignum
1103 1260 1305 1323 receptui
1334 1261 1396 1308 est
1428 1261 1504 1308 da-

211 1343 337 1389 tum,
364 1333 489 1394 quod
517 1334 603 1380 Cn.
632 1333 858 1396 Scipionis
887 1333 1031 1380 femur
1061 1334 1234 1396 tragula
1267 1331 1502 1380 confixum

212 1416 303 1450 erat
324 1423 334 1450 :
360 1422 601 1470 pavorque
630 1407 747 1453 circa
767 1423 869 1452 eum
893 1418 1071 1468 ceperat
1090 1405 1251 1452 milites
1266 1441 1278 1462 ‚
1302 1422 1357 1452 ne
1381 1421 1504 1451 mor-

213 1476 397 1524 tiferum
434 1478 535 1524 effer
567 1478 747 1527 vulnus}
781 1481 996 1526 Ceterum
1028 1478 1147 1524 haud
1182 1478 1366 1526 dubium
1397 1478 1507 1538 fuit,

213 1551 352 1615 quin,
371 1551 451 1596 nifi
482 1568 532 1597 ea
562 1568 688 1598 mora
708 1551 1045 1608 intervenisset,
1075 1551 1212 1598 castra
1236 1567 1293 1597 eo
1324 1552 1394 1598 die
1418 1552 1504 1597 Pu-

214 1626 319 1682 nica
357 1625 456 1688 capi
493 1626 740 1688 potuerint.
775 1626 863 1689 jam
897 1642 993 1671 non
1026 1625 1190 1672 milites
1227 1624 1399 1682 solum,
1433 1623 1506 1669 sed

213 1699 441 1762 elephanti
464 1701 592 1746 etiam
623 1700 759 1763 usque
790 1700 843 1746 ad
875 1700 1047 1746 vallum
1080 1700 1163 1745 acii
1191 1710 1340 1757 erant,
1360 1698 1508 1761 super·

213 1788 303 1835 que
322 1772 420 1834 ipso
450 1789 623 1819 novem
653 1775 702 1820 ὅ(
729 1772 909 1835 triginta
940 1772 1168 1834 elephanti
1189 1772 1290 1834 pilis
1319 1769 1507 1819 confixi

211 1845 319 1891 Hoc
343 1861 525 1908 quoque
551 1843 721 1907 proelio
741 1847 798 1891 ad
829 1845 1069 1892 duodecim
1099 1845 1239 1891 millia
1268 1844 1508 1891 hominum

213 1918 427 1965 dicuntur
445 1918 579 1977 caesa,
609 1935 753 1981 prope
780 1919 863 1965 tria
889 1930 1040 1981 capta,
1068 1936 1170 1966 cum
1191 1918 1324 1980 fignis
1340 1917 1509 1965 milita-

215 1991 351 2037 ribus
374 1991 538 2053 septem
561 1993 615 2038 «δέ
644 1992 983 2055 quinquaginta.
1025 1992 1096 2038 Ad
1130 1992 1364 2055 Auringen
1403 1990 1509 2037 inde

213 2065 373 2110 urbem
393 2065 525 2110 Poeni
552 2065 785 2121 receffere3
809 2068 880 2123 &,
906 2077 954 2111 ut
981 2064 1144 2111 territis
1167 2064 1369 2124 instaret,
1387 2062 1509 2110 secu-

214 2149 287 2183 tus
319 2140 568 2186 Romanus.
599 2137 664 2184 lbi
691 2138 853 2183 iterum
881 2136 1033 2200 Scipio
1061 2137 1261 2183 lefficula
1291 2136 1340 2182 in
1368 2137 1511 2182 aciem

214 2209 364 2256 illatus
390 2210 601 2257 conflixit
623 2228 633 2255 2
658 2227 742 2256 nec
764 2210 899 2255 dubia
924 2207 1116 2255 vistoria
1138 2208 1223 2254 fuit
1241 2227 1251 2254 ε
1272 2209 1420 2254 minus
1442 2219 1513 2253 ta-

213 2298 319 2327 men
341 2282 530 2328 dimidio
554 2281 752 2328 hostium
767 2318 780 2338 ,
803 2299 936 2345 quam
969 2293 1121 2336 antea,
1148 2282 1254 2343 quia
1274 2279 1513 2342 pauciores

214 2354 548 2417 superfiiemnt,
588 2354 665 2417 qui
701 2367 980 2417 pugnarent,
1015 2352 1231 2401 occisum.
1278 2354 1364 2399 Sed
1403 2370 1511 2417 gens

214 2441 318 2476 nata
346 2428 643 2477 instaurandis
669 2427 1015 2494 reparandisque
1050 2427 1205 2487 hellis,
1231 2429 1429 2492 Magone
1453 2426 1510 2473 ad
