1628 2890
224 167 318 209 224
384 148 510 196 TlTI
543 147 683 193 mvn
712 145 1058 191 HISTORIAR.
1090 146 1192 190 ΜΒ.
1221 143 1396 190 XXIV.

219 277 289 304 am
304 294 318 313 ‚
344 274 417 302 aut
440 257 627 300 Romani
650 256 696 298 in
721 252 919 311 Africam
945 253 1156 312 transeant
1166 271 1185 307 ;
1222 241 1399 313 opprinii
1424 256 1506 310 Sy—

215 334 387 392 plzacem
407 364 422 385 ‚
457 329 666 373 nihildum
687 343 835 387 praeter
866 344 1014 371 nomen
1041 344 1094 370 ex
1119 324 1276 384 foedere
1309 327 1508 370 Romano

219 406 430 448 habentem
450 436 465 457 ,
493 396 619 463 poffi.
652 397 796 445 Facile
826 395 1081 460 persuasum
1111 396 1266 454 Galae,
1301 393 1397 442 filio
1428 396 1506 442 de-

221 476 439 540 poscente
476 473 523 518 id
557 472 751 531 bellum,
778 483 828 519 ut
858 472 1107 520 exercitum
1141 471 1367 518 mitteret:
1393 470 1508 534 qui,

219 545 653 611 Carthaginiensium
666 544 918 608 legionibus
934 544 1037 606 conj
1045 543 1185 590 unEtis
1195 580 1208 602 ,
1218 559 1382 607 magno
1396 559 1510 605 proe-

215 621 286 668 lio
319 620 571 685 Syphacem
610 616 794 665 devicit.
829 617 1036 681 Triginta
1068 615 1208 662 millia
1241 632 1297 661 eo
1337 613 1508 678 proelio

221 695 466 742 hominum
488 690 596 740 caesa
617 691 847 738 dicuntur.
882 691 1070 753 Syphax
1091 705 1193 736 cum
1210 687 1364 750 paucis
1384 686 1509 750 equi-

223 768 342 816 tibus
371 768 418 814 in
440 764 689 813 Maurusios
714 781 771 811 ex
798 763 892 811 acie
910 764 1127 810 Numidas
1158 760 1375 822 (extremi
1400 777 1509 823 pro-

221 858 279 905 pe
313 855 533 887 oceanum
571 837 782 884 adversus
810 835 958 883 Gades
992 834 1181 899 colunt)
1219 834 1407 898 refugit:
1442 833 1508 879 af-

172 978 175 979 r
223 913 556 977 fluentibusque
577 913 632 960 ad
659 912 822 960 famam
844 909 937 972 ejus
969 910 1168 972 undique
1195 909 1416 967 barbaris,
1439 909 1510 954 in-

222 998 379 1053 gentes
398 985 529 1032 brevi
547 984 701 1048 copias
725 982 934 1031 armavit.
965 999 1067 1028 cuni
1091 981 1253 1042 quibus
1274 986 1511 1043 antequam

223 1063 273 1107 in
308 1057 570 1120 Hispaniam
607 1054 793 1119 angusto
831 1054 1063 1100 diremtam
1094 1053 1212 1099 freto
1252 1052 1473 1114 trajiceret
1494 1089 1511 1109 ‚

223 1129 447 1178 Masiniffa
481 1145 583 1175 cum
614 1128 788 1175 vi&01·e
820 1126 1022 1173 exercitu
1048 1124 1259 1172 advenit:
1295 1124 1419 1188 isque
1447 1124 1513 1170 ibi

225 1223 329 1253 cum
356 1204 566 1268 Syphace
592 1202 763 1265 ingenti
796 1200 939 1265 gloria
958 1216 1036 1262 per
1061 1198 1102 1245 se
1119 1235 1135 1256 ,
1167 1198 1257 1244 fine
1276 1198 1378 1244 ullis
1399 1198 1513 1244 Car-

225 1276 569 1342 thaginiensium
605 1275 769 1338 opibus
791 1309 804 1330 ‚
843 1272 965 1337 gessit
997 1271 1177 1318 bellum.
1221 1273 1271 1317 In
1303 1269 1513 1333 Hispania

227 1352 340 1399 nihil
368 1349 661 1398 memorabile
693 1347 859 1412 gestum
879 1383 892 1405 ‚
924 1358 1223 1409 praeterquam
1254 1345 1380 1407 quod
1404 1345 1512 1391 Cel-

229 1427 422 1474 tiberum
465 1423 752 1486 juventutem
787 1421 941 1469 eadem
985 1420 1222 1476 mercede,
1264 1434 1352 1481 qua
1391 1418 1514 1479 patira
1547 1434 1551 1437 ¹

229 1518 335 1549 cum
367 1494 810 1561 Carthaginiensibus
844 1506 964 1550 erat,
997 1493 1290 1556 imperatores
1318 1489 1513 1535 Romani

229 1574 286 1621 ad
312 1573 354 1620 se
380 1571 720 1635 perduxerunt:
747 1570 796 1616 &
823 1566 1120 1613 nobiliffimos
1142 1563 1366 1626 Hispanos
1386 1562 1515 1625 supra

228 1658 460 1694 trecentos
482 1646 529 1690 in
551 1643 721 1690 Italiam
747 1641 802 1688 ad
828 1640 1134 1688 sollicitandos
1155 1637 1418 1701 populareS,
1436 1636 1515 1698 qui

230 1722 347 1768 inter
369 1719 538 1766 auxilia
561 1715 823 1764 Hannibalis
854 1727 1008 1772 erant,
1037 1712 1263 1760 miserunt.
1298 1710 1346 1757 Id
1371 1710 1513 1755 modo

229 1792 325 1855 ejus
361 1790 469 1839 anni
502 1790 550 1836 in
586 1788 797 1851 Hispania
831 1788 887 1834 ad
922 1786 1185 1833 memoriam
1220 1783 1389 1846 insigne
1413 1781 1513 1839 rest,

231 1864 359 1929 quod
386 1862 711 1910 mercenarium
732 1858 921 1906 militem
940 1858 987 1903 in
1013 1856 1160 1904 castris
1184 1854 1409 1902 neminem
1431 1871 1514 1901 an-

230 1951 274 1985 te
291 1974 307 1997 ,
334 1954 471 2002 quam
497 1947 595 1985 tum
615 1933 893 1992 Celtiberos,
916 1930 1114 1978 Romani
1134 1928 1398 1977 habuerunt.

639 2144 1123 2161 —————-

1556 2763 1563 2766 ι
