1628 2890
257 151 793 200 HISTORIARUM
838 153 964 200 LIB.
1009 151 1184 199 XXII.
1301 153 1357 200 61

85 257 259 322 'nosque
287 258 458 321 equites
488 274 629 320 prope
659 258 800 320 ripam
825 258 947 305 laevo
970 258 1017 304 in
1038 275 1184 306 cornu
1204 258 1368 306 adver-

84 330 156 378 sus
185 333 442 377 Romanum
470 331 741 393 equitatum:
778 332 987 377 dextrum
1023 348 1168 378 cornu
1202 331 1371 378 Numi-

85 406 157 453 dis
182 405 404 468 equitibus
437 405 619 461 datum,
654 405 799 449 media
827 405 920 450 acie
955 405 1179 467 peditibus
1217 403 1372 453 firma-

87 491 157 534 ta3
191 477 283 534 ita,
313 489 364 522 ut
392 476 608 522 Afrorum
630 489 815 538 utraque
836 493 1008 524 cornua
1035 478 1201 536 essent,
1227 478 1370 525 inter-

85 563 365 614 ponerentur
400 550 467 596 his
501 548 635 594 medii
667 548 790 593 Galli
826 561 961 611 atque
998 550 1197 612 Hispani.
1233 549 1371 597 Afros

84 623 341 669 Romanam
371 638 529 684 magna
558 637 614 666 ex
635 632 758 682 parte
785 622 985 669 crederes
1012 623 1179 669 aciem:
1210 623 1271 670 ita
1300 640 1372 670 ar-

84 697 195 743 mati
226 708 382 753 erant,
422 694 553 741 armis
587 695 638 741 &
669 694 723 740 ad
756 694 1001 752 Trebiam,
1039 708 1235 742 ceterum
1274 715 1372 745 ma-

85 787 172 834 gna
197 788 252 817 ex
284 782 406 833 parte
430 771 486 816 ad
507 768 816 815 Trasimenum
847 769 1005 831 captis.
1035 770 1175 816 Gallis
1213 771 1372 834 Hispa-

87 844 245 907 nisque
279 844 399 891 scuta
430 841 622 903 ejusdem
658 840 821 887 formae
856 840 948 887 fere
982 855 1139 889 erant:
1180 844 1395 906 dispares*

86 932 140 963 ac
174 916 395 963 dissimiles
431 916 590 980 gladii:
628 915 771 962 Gallis
802 915 1024 980 praelongi
1057 934 1108 963 ac
1144 917 1234 963 fine
1271 936 1374 964 mu-

84 989 329 1036 cronibus:
364 989 594 1051 Hispano,
613 988 812 1050 punctim
838 990 1005 1052 magis,
1038 1008 1169 1054 quam
1198 992 1341 1038 caesim
1358 1028 1373 1049 ,

84 1062 257 1108 assueto
290 1075 441 1123 petere
480 1061 650 1107 hostem
672 1094 686 1115 ‚
720 1061 939 1109 brevitate
977 1064 1146 1110 habiles
1187 1067 1236 1112 &
1269 1082 1373 1111 cum

86 1134 393 1180 mucronibus.
421 1144 522 1179 ante
556 1145 730 1179 ceteros
764 1133 940 1178 habitus
977 1137 1177 1196 gentium
1213 1139 1372 1184 harum

83 1216 183 1251 tum
218 1204 523 1267 magnitudine
559 1218 830 1264 corporum,
862 1215 956 1248 tum
989 1204 1132 1266 specie
1159 1206 1372 1253 terribilis

83 1286 193 1322 erat.
233 1275 355 1321 Galli
387 1275 514 1337 super
542 1275 812 1321 umbilicum
847 1288 974 1321 erant
1011 1277 1149 1323 nudi:
1187 1277 1373 1339 Hispani

84 1345 236 1392 linteis
255 1348 481 1409 praetextis
504 1365 697 1410 purpura
719 1349 908 1406 tunicis,
929 1350 1125 1396 candore
1146 1351 1264 1396 miro
1287 1350 1375 1397 ful-

85 1420 316 1485 gentibus,
337 1421 644 1468 constiterant.
671 1422 898 1468 Numerus
920 1424 1122 1470 omnium
1146 1425 1372 1487 peditum,

85 1491 167 1555 qui
186 1505 282 1539 tum
303 1493 519 1539 steterunt
535 1494 580 1539 in
601 1493 696 1540 acie
711 1529 724 1549 ,
742 1494 931 1539 millium
952 1493 1037 1540 fuit
1058 1498 1373 1561 quadraginta,

85 1566 243 1613 decem
279 1567 494 1629 equitum.
534 1568 691 1614 Duces
731 1568 947 1614 cornibus
984 1583 1231 1630 praeerant:
1266 1570 1375 1616 smi-

82 1637 177 1685 stro
207 1639 484 1696 Hasdrubal,
517 1640 678 1687 dextro
713 1640 973 1687 Maharbal:
1006 1642 1197 1688 mediam
1230 1643 1373 1689 aciem

85 1713 311 1760 Hannibal
342 1715 432 1778 ipse
463 1733 567 1762 cum
597 1716 732 1762 fratre
753 1719 949 1779 Magone
979 1717 1138 1762 tenuit.
1170 1717 1277 1774 Sol,
1296 1717 1373 1763 seu

85 1787 142 1833 de
166 1788 377 1836 industria
408 1789 467 1836 ita
496 1790 684 1848 locatis,
705 1790 779 1836 seu
809 1791 938 1853 quod
962 1790 1080 1837 forte
1108 1791 1165 1837 ita
1184 1792 1373 1849 starent,

85 1876 426 1925 peropportune
447 1865 624 1927 utrique
656 1864 772 1926 parti
797 1864 1010 1926 obliquus
1041 1877 1164 1921 erat,
1199 1864 1372 1910 Roma-=

86 1933 157 1978 nis
188 1934 235 1978 in
269 1935 532 1993 meridiem,
567 1937 719 1983 Poenis
753 1937 798 1983 in
831 1936 1193 1999 septemtrionem
1221 1936 1373 1983 versis⁰

85 2018 277 2066 ventus,
310 2009 612 2070 (Vulturnum
643 2011 808 2058 incolae
837 2011 1034 2074 regionis
1060 2008 1265 2073 vocant)
1299 2010 1372 2055 ad-

87 2077 242 2126 versus
275 2082 493 2131 Romanis
531 2098 751 2141 coortuS‚
790 2084 935 2131 multo
971 2083 1159 2145 pulvere
1199 2084 1246 2130 in
1283 2082 1375 2146 ipsa

85 2163 169 2195 ora
201 2152 439 2200 volvendo
473 2156 753 2218 prospeEtum
778 2156 954 2202 ademit.

150 2223 330 2272 XLV11.
368 2227 580 2274 Clamore
611 2227 818 2285 sublatO‚
855 2225 1120 2289 procursum
1159 2226 1213 2272 ab
1243 2225 1375 2272 auxi-

85 2291 191 2356 liis,
228 2301 278 2347 &
313 2317 460 2362 pugna
496 2300 670 2347 levibus
711 2300 904 2362 primum
948 2298 1080 2345 armis
1112 2298 1372 2344 commissa:

85 2372 246 2418 deinde
277 2372 477 2435 equitum
514 2372 755 2418 Gallorum
785 2372 1176 2434 Hispanorumque
1204 2370 1369 2415 laevum

85 2459 232 2491 cornu
273 2460 378 2491 cum
418 2444 581 2492 dextro
617 2446 835 2493 Romano
875 2443 1147 2504 concurrit,
1191 2443 1378 2490 minime.
