1628 2890
229 154 780 204 Htsronmnuu
823 116 950 200 ΠΒ.
993 153 1222 201 xxvu.
1294 152 1389 219 3539

102 262 226 310 bium
247 262 475 310 consulem
500 262 615 308 mitti
634 261 775 323 juffae:
811 272 957 308 cetera
983 261 1110 309 classe
1139 262 1387 325 praedatum

102 337 148 383 in
181 337 375 384 Africam
395 348 471 383 aut
491 336 631 399 ipsum
654 338 718 384 M.
739 335 972 383 Valerium
997 337 1246 383 Laevinum.
1262 336 1386 398 traji-

103 425 230 462 ccre;
251 419 326 454 aut
344 407 519 454 mittere
533 444 546 467 ‚
562 408 634 455 se'u
655 410 703 455 L.
721 407 931 456 Cincium
947 444 961 466 ‚
981 407 1137 455 seuM.
1156 408 1388 456 Valerium-

102 479 358 527 Mess'allam.
399 481 496 527 Nec
527 481 580 526 de
611 479 823 542 Hispania
855 481 1099 544 quidquam
1134 494 1386 538 mutatum,

102 552 181 598 nisi
213 552 376 634 quod
366 570 412 598 m
437 569 601 599 annum
620 553 825 615 Scipioni
847 554 1117 617 Silanoque‚
1147 553 1220 600 sed
1237 556 1386 600 donec

101 626 309 674 revocati
345 626 400 672 ab
432 625 580 672 senatu
609 624 785 682 forent,
823 641 1118 691 prorogatum
1146 626 1392 690 imperium

101 698 284 745 est.1ta
315 697 571 760 provinciae
604 697 971 762 exercituumque
1004 698 1052 744 in
1087 715 1188 745 eum
1216 715 1386 745 annum

102 773 260 835 partita
290 772 488 834 imperia.

167 844 281 890 VIII.
319 848 438 890 [nter
463 843 683 906 majorum
711 860 861 891 rerum
881 860 1006 891 curas
1033 843 1218 890 comitia
1238 842 1387 890 maxi-

101 914 164 963 mi
198 915 428 974 curionis,
464 932 565 962 cum
600 914 646 960 in
681 915 835 962 locum
873 917 939 962 M.
974 915 1143 962 AEmilii
1178 915 1386 962 sacerdos

102 999 354 1044 crearetur,
382 1001 513 1035 vetus
544 987 859 1034 excitaverunt
892 999 1151 1044 certamen3
1184 987 1386 1050 patriciis

101 1060 365 1125 negantibus
395 1063 449 1109 C.
478 1061 671 1108 Mamilii
701 1061 846 1108 Vituli
865 1097 880 1120 ‚
914 1062 990 1125 qui
1018 1078 1134 1108 unus
1165 1078 1222 1108 ex
1252 1061 1385 1124 plebe

101 1134 306 1196 petebat,
339 1133 588 1180 habendam
611 1134 832 1181 rationem
859 1133 966 1192 effe,
995 1133 1098 1197 quia
1124 1151 1261 1180 nemo
1280 1145 1384 1181 ante

101 1223 202 1253 eum
223 1244 237 1266 ‚
274 1207 355 1253 nifi
389 1225 446 1254 ex
479 1208 712 1267 Patribus,
745 1208 793 1254 id
820 1208 1119 1256 sacerdotium
1151 1207 1385 1255 habuisset.

102 1279 298 1328 Tribuni
331 1281 542 1344 appellati
573 1282 629 1328 ad
663 1282 860 1329 senatum
894 1280 1160 1343 rejecerunt.
1195 1282 1384 1328 Senatus

100 1353 263 1417 populi
294 1353 559 1416 potestatem
587 1355 709 1404 fecit.
739 1359 800 1403 Ita
824 1356 992 1419 primus
1019 1373 1075 1403 ex
1105 1355 1234 1419 plebe
1254 1373 1382 1403 crea-

101 1441 173 1476 tus
203 1430 422 1477 maximus
448 1432 578 1479 curio
608 1433 663 1480 C.
685 1433 910 1480 Mamilius
930 1432 1124 1479 Vitulus.
1156 1433 1212 1478 Et
1234 1431 1383 1478 flami-

100 1520 205 1551 nem
231 1504 410 1551 Dialem
434 1504 630 1553 invitum
656 1506 915 1572 inaugurari
939 1506 1088 1571 coegit
1113 1507 1160 1554 P.
1180 1504 1392 1552 Licinius-

99 1576 309 1639 pontisex
336 1577 554 1625 maximus
583 1579 636 1626 C.
663 1578 892 1626 Valerium
922 1578 1146 1625 Flaccum.
1179 1578 1383 1623 Decem-

98 1648 175 1695 vir
197 1647 328 1696 sacris
348 1648 566 1696 faciundis
588 1662 759 1698 creatus
778 1651 823 1696 in
843 1651 996 1697 locum
1019 1650 1079 1709 Q.
1102 1648 1245 1695 Mucii
1261 1649 1382 1695 Scae-

97 1721 223 1768 volae
263 1722 487 1769 demortui
526 1723 583 1770 C.
618 1725 853 1772 Lae'torius.
898 1723 1087 1770 Causam
1125 1721 1385 1786 inaugurari¹

99 1794 244 1842 coacti
272 1795 465 1843 flaminis
493 1796 636 1843 libens
655 1796 944 1859 reticuifl'em‚
971 1796 1017 1842 ni
1047 1802 1104 1842 ex
1128 1795 1244 1841 mala
1264 1795 1381 1844 fama

98 1868 149 1915 in
172 1870 340 1915 bonam
364 1870 572 1916 vertiffet.
603 1870 680 1917 Ob
707 1870 1047 1917 adolescentiam
1079 1869 1380 1933 negligentem

98 1941 464 2007 luxuriosamque
494 1944 548 1990 C.
570 1943 756 1991 Flaccus
783 1943 945 1991 flamen
978 1956 1133 2006 captus
1152 1961 1176 1990 a
1195 1944 1239 1988 P.
1260 1944 1383 1991 Lici-

100 2015 183 2061 nio
219 2015 436 2079 pontifice
464 2017 666 2063 maximo
696 2029 816 2076 erat,
836 2020 887 2064 L.
922 2017 1086 2064 Flacco
1120 2015 1244 2062 fratri
1279 2035 1381 2081 ger-

99 2105 236 2135 mano
258 2089 548 2152 cognatisque
576 2089 672 2137 aliis
704 2091 765 2137 ob
793 2091 946 2138 eadem
967 2089 1077 2136 vitia
1108 2089 1293 2136 invisus.
1314 2093 1381 2149 ῖς,

99 2172 152 2206 ut
183 2160 381 2209 animum
415 2160 510 2222 ejus
545 2179 652 2209 cura
679 2161 903 2210 sacrorum
939 2164 988 2210 &
1015 2162 1380 2210 caerimoniarum

102 2233 251 2294 cepit,
285 2234 344 2281 ita
374 2250 558 2298 repente
583 2236 708 2283 exuit
731 2236 942 2300 antiquos
964 2251 1137 2291 mores,
1163 2247 1212 2281 ut
1244 2252 1379 2282 nemo

98 2315 198 2350 tota
227 2303 461 2365 juventute
485 2307 718 2354 haberetur
745 2307 899 2370 prior,
919 2324 1000 2354 nec
1021 2306 1258 2370 probatior
1283 2306 1380 2369 pri·—

99 2377 302 2425 moribus
320 2380 519 2439 Patrum,
533 2379 617 2426 suis
634 2380 800 2444 pariter
818 2377 1081 2441 alienisque,
1097 2378 1214 2425 effet.
1234 2378 1385 2439 Hujus-

101 2448 228 2497 famae
252 2450 467 2499 consensu
496 2451 635 2500 elatus
665 2452 722 2501 ad
748 2450 904 2513 justam
933 2449 1142 2566 fidulqiam
1174 2449 1262 2510 sui,
1286 2467 1391 2497 rem.

978 2523 1014 2568 Β
1093 2536 1115 2582 3
