1628 2890
283 140 831 190 HISTORIARUM
866 138 1000 184 LIB.
1035 136 1278 184 XXVII.
1344 148 1436 200 455

156 251 355 299 humeris
383 248 623 314 gestabant.
650 250 705 295 Et
729 246 816 309 jam
839 246 926 292 diei
952 244 1148 292 medium
1177 253 1300 300 erat,
1328 241 1442 288 fitis-

154 346 245 391 que
273 331 322 377 &
352 329 478 376 calor
498 327 670 374 hiantes
699 324 940 373 caedendos
971 317 1300 387 capiendosque
1329 320 1442 370 affa-

159 407 238 453 tim
268 406 507 469 praebebat.

220 485 385 532 XLIX.
400 482 638 546 Elephanti
655 482 802 545 plures
818 481 873 528 ab
890 480 994 544 ipsis
1011 479 1284 537 refloribus‚
1306 493 1443 541 quam

153 560 210 608 ab
243 561 402 619 hoste,
431 559 664 607 interfecti.
695 558 851 605 fabrile
883 558 1101 622 scalptum
1141 574 1247 605 curn
1271 555 1440 604 malleo

155 639 408 686 habebant:
440 639 513 695 id,
542 637 620 685 ubi
650 636 812 684 saevire
833 636 994 682 belluae
1019 652 1072 682 ac
1102 650 1233 681 ruere
1265 633 1312 680 in
1341 631 1445 679 suos

157 730 397 781 coeperant
416 752 429 776 ,
466 716 669 780 magister
698 716 817 762 inter
846 731 972 763 aures
1007 713 1230 777 positum,
1265 711 1365 776 ipso
1395 712 1444 760 in

158 797 352 844 articulo
368 833 381 855 ‚
401 814 496 861 quo
514 797 713 860 jungitur
732 795 867 859 capiti
887 795 1046 843 cervix
1060 831 1077 851 ,
1104 806 1277 857 quanto
1297 791 1445 839 maxi-

158 892 238 922 mo
265 888 442 938 poterat
473 875 560 922 ‘nitu
579 911 593 931 ‚
615 874 831 937 adigebat.
868 875 933 919 Ea
957 871 1188 919 celerrima
1216 864 1291 918 via
1317 885 1446 915 mor-2

158 955 216 1000 tis
249 955 294 1000 in
327 966 463 1002 tantae
494 954 626 1001 molis
646 953 793 1001 bellua
819 954 1008 999 inventa
1035 962 1157 1008 erat,
1185 950 1262 996 ubi
1288 965 1446 1012 regen«

159 1032 203 1078 di
225 1032 344 1095 spem
367 1032 588 1079 vicifl'ent.
626 1031 885 1094 primusque
908 1029 954 1075 id
972 1028 1219 1076 Hasdrubal
1239 1027 1444 1073 institue-

158 1121 253 1167 rat,
277 1110 368 1155 dux
389 1126 490 1156 cum
507 1108 619 1170 saepe
639 1106 742 1153 alias
764 1105 1068 1153 memorabilis
1082 1139 1096 1163 ,
1121 1116 1215 1151 tum
1235 1104 1310 1150 illa
1329 1121 1446 1166 prae-

159 1189 293 1252 cipue
322 1205 484 1252 pugna.
520 1187 596 1236 Ille
619 1199 871 1250 pugnantes
898 1184 1160 1242 hortando,
1191 1183 1448 1246 pariterque

158 1267 384 1315 obeundo⁴
399 1265 594 1328 pericula
612 1301 625 1323 ‚
655 1263 891 1311 sustinuit:
920 1263 995 1309 ille
1024 1262 1154 1309 feffos
1176 1262 1448 1309 abnuentes-

160 1361 247 1409 que
275 1345 411 1391 taedio
441 1346 489 1391 ὅ(
518 1344 697 1401 labore,
729 1359 851 1389 nunc
882 1342 1139 1404 precando,
1166 1357 1289 1387 nunc
1320 1341 1450 1388 casti-

161 1423 337 1487 gandO,
356 1422 581 1470 accendit:
607 1421 682 1468 ille
701 1420 920 1485 fugientes
938 1419 1200 1476 revocavit,
1218 1417 1447 1466 omissam—

158 1516 248 1563 que
269 1517 466 1564 pugnam
495 1500 669 1564 aliquot
690 1499 803 1546 locis
833 1498 1035 1545 restituit.
1062 1496 1315 1561 postremo,
1341 1513 1447 1544 cum

163 1578 285 1625 haud
304 1577 437 1624 dubie
455 1578 638 1625 fortuna
659 1576 855 1624 hostium
873 1576 1001 1635 esset,
1023 1592 1079 1621 ne
1099 1575 1332 1637 supereffet
1350 1587 1447 1622 tan-

162 1666 212 1700 to
235 1654 451 1701 exercitui
472 1654 598 1701 suum
619 1671 786 1701 nomen
807 1654 959 1702 secuto
975 1690 988 1711 ‚
1011 1652 1243 1701 concitato
1265 1669 1385 1716 equo
1405 1652 1448 1700 se

159 1732 209 1779 in
229 1732 464 1779 cohortem
480 1734 734 1780 Romanam
754 1733 946 1780 immisit.
967 1733 1059 1791 lbi,
1073 1745 1122 1779 ut
1139 1744 1261 1795 patre
1276 1731 1451 1778 Hamil-

161 1829 263 1860 care
287 1814 336 1861 &
362 1813 607 1860 Hannibale
626 1813 760 1860 fratre
779 1813 962 1878 dignum
983 1824 1105 1871 erat,
1136 1829 1340 1876 pugnans
1369 1829 1448 1860 ce·-

162 1889 287 1937 cidit.
321 1890 565 1952 Nunquam
583 1906 641 1936 eo
670 1890 793 1936 bello
813 1907 901 1936 una
927 1889 1021 1936 acie
1048 1901 1221 1936 tantum
1254 1887 1449 1934 hostium

162 1967 446 2015 interfectum
475 1967 537 2013 est
554 2002 570 2024 ‚
598 1967 858 2030 redditaque
887 1983 1014 2029 aequa
1034 1964 1258 2013 Cannensi
1279 1964 1452 2021 clades,

167 2045 241 2095 vel
268 2044 395 2092 ducis
410 2080 424 2103 ‚
443 2043 519 2094 vel
539 2043 758 2091 exercitus
780 2043 991 2101 interitu,
1012 2042 1262 2090 videbatur.
1299 2040 1451 2100 Quin·
1514 2080 1516 2082 ,

163 2123 383 2188 quaginta
403 2121 477 2168 sex
498 2121 639 2168 millia
659 2121 854 2168 hostium
884 2119 1060 2168 occisa:
1094 2131 1223 2180 capta
1247 2118 1452 2181 quinque

164 2201 305 2248 millia
325 2202 374 2249 &
389 2199 729 2263 quadringenti:
746 2199 996 2262 praeda'alia
1013 2213 1172 2261 magna
1188 2209 1283 2242 tum
1302 2195 1452 2242 omnis

165 2280 340 2345 generis
356 2316 371 2340 ,
397 2292 492 2327 tum
513 2280 607 2327 auri
634 2279 768 2327 etiam
794 2278 1068 2342 argentique.
1103 2276 1291 2324 Civium
1315 2276 1454 2322 etiam

106 2360 109 2366 ’
166 2363 513 2416 Romanorum,
547 2360 628 2424 qui
657 2359 777 2423 capti-
808 2359 926 2422 apud
954 2357 1104 2405 hostes
1134 2369 1286 2414 erant,
1320 2356 1456 2417 supra.

168 2448 368 2504 quatuor
397 2437 539 2486 millia
571 2436 773 2501 capitum
800 2445 995 2499 recepta.
1025 2432 1071 2480 id
1092 2431 1238 2478 solatii
1259 2431 1343 2478 t'uit
1363 2445 1456 2493 pto

1072 2514 1141 2563 Ff
1166 2532 1196 2574 4
