1628 2890
283 132 827 181 HISTORIARUM
873 136 1002 184 Lm.
1045 138 1208 187 XXu.
1338 158 1394 205 33

111 256 357 303 puerorum
390 239 644 304 profefius‚
671 240 816 289 veluti
846 242 1025 306 ignarus
1057 243 1104 289 in
1131 260 1400 308 praeparatas

55 359 57 362 ,
109 313 185 359 sua
205 307 357 359 fraude
377 312 555 360 insidias
576 314 712 361 ducit.
732 317 782 360 In
802 315 938 362 castra
962 318 1163 365 Romana
1183 320 1400 382 perduffi.

109 399 257 435 cetera
295 387 449 433 omnia
490 378 544 433 de
585 387 820 434 reddendis
859 389 1115 450 obsidibus,
1149 393 1261 441 ficut
1295 412 1400 444 cum

111 460 294 507 Bostare
313 460 612 508 constitutum
627 461 850 518 erat,a&a
871 479 949 524 per
963 465 1153 514 eundem
1174 468 1400 526 ordinem,

108 548 207 594 quo
237 532 267 578 fi
294 531 730 594 Carthaginienssum
760 534 946 580 nomine
970 535 1028 583 s1c
1048 537 1265 601 ageretur.
1287 544 1399 589 'Ma-

99 596 181 667 ⁴ior
209 604 438 668 aliquanto
475 605 792 650 Romanorum
827 609 967 668 gratia
1001 609 1083 657 fuit
1113 612 1160 658 in
1189 630 1235 659 rc
1266 614 1398 676 pari,

109 694 245 737 quam
271 687 434 738 quanta
460 675 608 720 futura
635 674 1074 739 Carthaginiensium
1103 683 1263 731 fuerat.
1295 685 1400 732 illos

108 746 230 792 enim
246 782 259 804 ‚
278 762 437 810 graves
466 745 771 809 superbosque
791 746 836 792 in
856 749 990 795 rebus
1010 748 1210 797 secundis
1234 770 1400 815 exper-

108 832 182 867 tos
198 857 213 877 ,
236 819 418 866 fortuna
440 820 490 865 &
511 818 651 865 timor
677 819 892 881 mitigaffe
916 820 1063 867 videri
1087 836 1278 883 poterat.
1298 826 1400 873 Ro-

107 908 265 938 manus
291 892 440 954 primo
472 887 670 938 adventu
686 927 701 947 ‚
723 890 986 954 incognitus
1009 906 1138 952 ante,
1161 895 1216 941 ab
1237 913 1283 942 re
1304 899 1398 944 cle-

107 963 249 1011 menti
278 958 543 1021 liberalique
572 963 752 1009 initium
786 962 981 1010 fecerat:
1007 966 1056 1012 &
1085 966 1290 1027 Abelux,
1324 971 1398 1016 vir

107 1032 325 1096 prudens,
346 1030 466 1077 haud
487 1030 643 1077 frustra
662 1031 903 1080 videbatur
924 1033 1074 1082 socios
1096 1040 1291 1086 mutaffe.
1314 1042 1400 1089 ita-

107 1123 195 1169 que
215 1103 389 1169 ingenti
420 1104 638 1152 consensu
665 1103 965 1154 defeffionem
993 1124 1151 1156 omnes
1172 1108 1363 1173 speclare
1385 1133 1398 1163 :

109 1196 320 1244 armaque
363 1179 593 1242 extemplo
633 1192 758 1226 mota
791 1180 969 1238 forent,
1009 1183 1054 1228 ni
1092 1182 1259 1243 hiems,
1293 1204 1400 1252 quae

107 1253 344 1299 Romanos
365 1268 551 1315 quoque
577 1253 627 1298 &
652 1252 1040 1316 Carthaginienses
1067 1258 1320 1306 concedere
1349 1260 1399 1309 in

105 1325 217 1372 tecla
244 1323 393 1386 coegit
407 1359 422 1381 ‚
442 1324 763 1372 interveniffet.

172 1397 339 1442 XXIII.
371 1396 480 1442 Haec
509 1395 555 1441 in
585 1395 797 1459 Hispania
819 1414 1003 1462 quoque
1031 1398 1219 1448 secunda
1248 1401 1396 1451 aestate

109 1469 403 1516 Punici.belli
433 1468 576 1532 gesta,
602 1485 705 1515 cum
729 1470 776 1516 in
805 1472 928 1518 Italia
953 1473 1135 1534 paulum
1165 1476 1396 1524 intervalli

107 1541 308 1588 cladibus
341 1541 558 1588 Romanis
599 1540 736 1588 solers
772 1545 998 1591 cunilatio
1036 1547 1156 1593 Fabii
1194 1547 1396 1599 fecisset:
1460 1570 1465 1582 ·

107 1633 208 1679 quae
233 1627 280 1662 ut
310 1616 609 1663 Hannibalem
637 1632 733 1663 non
764 1620 983 1666 mediocri
1015 1621 1257 1670 sollicitum
1286 1642 1394 1674 cura

108 1688 320 1745 habebat,
351 1689 529 1735 tandem
566 1706 667 1736 eum
700 1691 873 1738 militiae
903 1693 1160 1758 magistrum
1188 1697 1394 1762 delegisse

108 1763 343 1810 Romanos
364 1775 619 1810 cernentem
635 1799 648 1820 ,
673 1764 746 1827 qui
767 1765 935 1813 bellum
956 1768 1130 1816 ratione
1145 1806 1158 1826 ‚
1178 1788 1273 1819 non
1292 1772 1394 1820 for-

108 1848 237 1890 tuna,
260 1848 458 1899 gereret3
485 1835 544 1882 ita
567 1850 796 1884 contemta
819 1852 913 1887 erat
940 1842 1057 1889 inter
1078 1843 1225 1902 civeS,
1246 1862 1394 1894 arma-

107 1917 180 1952 tos
205 1908 372 1969 pariter
404 1908 698 1972 togatosque3
730 1909 882 1973 utique
917 1913 1181 1977 postquam,
1215 1917 1393 1966 absente

108 1993 165 2024 eo
182 2014 196 2036 ‚
218 1980 466 2027 temeritate
487 1981 684 2045 magistri
706 1982 932 2045 equitum,
958 1985 1064 2033 laeto
1088 1989 1239 2035 verius
1262 1992 1392 2038 dixe-

108 2050 190 2096 rim
205 2085 218 2109 ,
237 2068 368 2115 quam
392 2052 610 2115 prospero
638 2068 835 2114 eventu,
854 2072 1098 2121 pugnatum
1120 2062 1274 2110 fuerat.
1305 2066 1394 2112 Ac·

108 2124 321 2173 cesserant
341 2125 437 2172 duae
461 2143 528 2172 res
548 2125 602 2173 ad
620 2128 867 2190 augendam
888 2129 1107 2193 inyidiani
1129 2134 1358 2184 diPtatoris
1380 2157 1392 2186 ε

105 2214 194 2243 una
224 2196 377 2245 fraude
407 2216 456 2246 ac
483 2199 594 2245 dolo
613 2200 876 2248 Hannibalis
893 2238 906 2259 ‚
935 2205 1060 2265 quod
1076 2241 1090 2262 ‚
1114 2223 1213 2253 cum
1239 2227 1261 2254 a
1286 2227 1391 2273 per-

105 2268 220 2333 fugis
252 2271 293 2317 ei
322 2271 596 2320 monstratus
622 2290 728 2337 ager
756 2273 985 2322 diclatoris
1012 2277 1144 2335 esset,
1178 2282 1392 2332 omnibus

106 2341 224 2389 circa
245 2343 344 2390 solo
368 2345 583 2408 aequatis,
615 2346 669 2393 ab
694 2362 790 2394 uno
808 2363 865 2393 eo
894 2346 1062 2395 ferrum
1082 2351 1320 2416 ignemque
1341 2358 1393 2403 δε

104 2415 201 2461 vim
223 2432 405 2464 omnem
432 2418 633 2468 hostium
652 2420 861 2468 abstineri
878 2419 996 2483 jussit
1011 2459 1024 2482 ,
1045 2436 1095 2470 ut
1115 2427 1285 2475 occulti
1304 2430 1389 2475 ali-

174 2490 223 2535 T.
261 2493 348 2536 Liv.
386 2494 484 2537 Vol.
511 2494 592 2538 IV,
1098 2498 1136 2541 C
