1628 2890
262 146 806 194 HlsTORlARUM
843 148 963 194 ΜΒ.
999 147 1223 198 xxvii.
1290 161 1386 208 437

103 251 149 299 in
176 253 381 307 Etruri213
414 252 521 298 duas
556 253 618 312 Q.
648 251 837 298 Fulvius
865 251 908 297 in
944 252 1149 308 Bruttiisz,
1183 252 1289 298 duas
1321 254 1386 311 Q.

101 326 316 372 Claudius
341 325 458 372 circa
492 326 741 371 Tarentum
762 327 810 372 &
841 325 1139 380 Sallentino-53
1167 343 1300 372 unam
1324 326 1392 374 C.

101 397 322 445 Hostilius
351 396 555 444 Tubulus
580 399 777 460 Capuae:
805 397 903 443 duae
936 399 1119 444 urbanae
1149 412 1199 445 ut
1224 397 1387 445 scribe-

100 482 269 517 rentur.
298 470 450 534 primis
471 482 665 532 quatuor
688 469 942 533 legionibus
961 471 1157 533 populus
1178 471 1387 518 tribunos

101 545 274 594 creavit
294 564 303 591 :
323 545 368 590 in
391 556 557 591 ceteras
577 543 782 591 consules
809 544 1034 591 miserunt.

167 619 407 666 XXXVH.
440 616 698 679 Priusquam
732 615 937 664 consules
966 614 1389 679 proficiscerentiii·,'

98 690 377 739 novendiale
406 689 576 737 sacrum
608 689 717 747 fuit,
746 689 854 751 quia
880 689 1002 751 Vejis
1031 691 1084 737 de
1116 691 1240 737 coelo
1269 690 1386 753 lapi.-

102 765 300 810 daverat.
326 763 416 809 Sub
436 763 567 810 unius
590 762 786 825 prodigii
806 761 879 825 (ut
900 760 974 825 fit)
999 763 1277 810 mentionem
1299 762 1386 809 alia

101 851 291 898 quoque
317 835 542 889 nuntiata;
568 833 812 880 Minturnis
838 833 977 881 aedem
1001 833 1128 880 jovis
1155 835 1205 881 δέ
1234 834 1387 882 lucum

102 907 310 962 Maricae3
342 907 448 953 item
478 906 640 953 Atellae
669 922 852 952 murum
881 907 932 953 &
961 918 1137 968 portam
1171 907 1225 952 de
1260 908 1387 954 coelo

101 980 228 1026 tacta.
263 978 622 1036 Minturnenses„
644 977 885 1024 terribilius
905 978 1030 1040 quod
1052 978 1180 1037 effer,
1201 979 1386 1040 adjicien-

101 1051 210 1098 bant
226 1087 240 1110 ,
264 1050 486 1114 sanguinis
510 1050 660 1099 rivum
689 1050 736 1096 in
762 1063 895 1112 porta
923 1049 1109 1098 fluxisse.
1140 1053 1189 1100 &
1214 1053 1387 1115 Capuae

102 1126 264 1188 lupus,
282 1126 414 1171 nocte
442 1137 618 1188 portam
647 1123 882 1188 ingressus,
914 1123 1096 1188 vigilem
1126 1125 1388 1175 laniaverat.

102 1201 212 1247 Haec
240 1211 478 1261 procurata
498 1197 657 1244 hostiis.
678 1197 923 1259 majoribus
950 1198 1181 1261 prodigia,
1201 1201 1250 1247 δι
1281 1201 1388 1263 [ωρ-

102 1270 289 1333 plicatio
306 1269 422 1317 diem
442 1286 582 1316 unum
603 1268 687 1316 fuit
707 1286 763 1315 ex
781 1269 962 1316 decreto
979 1269 1260 1332 pontificum.
1282 1273 1386 1320 inde

103 1341 266 1390 iterum
300 1341 574 1389 novendiale
608 1341 927 1399 instauratum,
963 1343 1089 1405 quod
1110 1343 1155 1389 in
1185 1345 1386 1392 Armilu-

105 1416 196 1462 stro
234 1415 454 1479 lapidibus
492 1415 639 1464 visum
682 1415 852 1478 pluere,
894 1415 1120 1464 Liberatas
1163 1418 1388 1480 religione

103 1499 274 1535 mentes
292 1488 496 1535 turbavit
512 1487 660 1535 rursus
678 1488 930 1535 nuntiatum
943 1525 955 1546 ,
975 1490 1217 1538 Frusinone
1236 1490 1388 1539 infan-

104 1574 194 1609 tem
215 1574 369 1609 natum
396 1561 480 1609 effe
506 1561 740 1626 quadrimo
766 1579 914 1626 parem
935 1581 946 1609 :
967 1580 1051 1610 nec
1080 1564 1386 1628 magnitudine

105 1646 196 1681 tam
218 1634 469 1682 mirandum
485 1670 499 1692 ‚
520 1652 654 1698 quam
672 1635 797 1698 quod
816 1636 854 1682 is
872 1651 1058 1699 quoque
1070 1672 1086 1693 ,
1106 1649 1157 1683 ut
1177 1637 1386 1685 Sinuess'ae

107 1706 294 1753 biennio
318 1721 420 1753 ante
436 1742 451 1765 ‚
477 1707 698 1767 incertus,
724 1725 815 1754 mas
834 1724 888 1754 an
917 1707 1080 1754 femina
1101 1709 1232 1768 effer,
1257 1723 1389 1758 natus
1429 1712 1436 1718 '

104 1790 211 1825 erat.
234 1779 283 1825 Id
303 1795 416 1827 vero
439 1777 722 1841 haruspices,
744 1796 802 1826 ex
820 1779 998 1826 Etruria
1027 1780 1182 1838 acciti,
1208 1781 1386 1829 foedum

105 1869 156 1899 ac
184 1863 315 1915 turpe
339 1852 596 1915 prodigium
628 1851 789 1899 dicere.
824 1864 1053 1900 extorrem
1079 1870 1188 1915 agro
1215 1855 1386 1902 Roma-

107 1939 198 1983 no,
231 1923 394 1986 procul
426 1934 552 1970 terrae
582 1923 814 1982 contactu,
846 1924 938 1970 alto
972 1913 1274 1987 mergendum.
1305 1926 1388 1973 Vi-

107 2014 217 2045 vum
251 1997 298 2044 in
327 2013 472 2044 arcam
500 1996 771 2055 condidere,
802 1997 1160 2060 provectumque
1187 1996 1232 2043 in
1265 2015 1388 2045 mare

108 2068 412 2133 projecerunt.
431 2071 694 2117 Decrevere
715 2069 820 2116 item
835 2068 1070 2131 pontifices
1082 2092 1100 2126 ,“
1119 2081 1169 2116 ut
1190 2069 1388 2132 virgines

108 2156 176 2189 ter
204 2158 423 2199 novenae,
449 2159 529 2204 per
556 2142 714 2189 urbem
743 2155 927 2200 euntes,
958 2158 1135 2189 carmen
1163 2154 1388 2190 canerent*¹

110 2216 158 2263 ld
178 2232 278 2262 cum
296 2215 341 2261 in
363 2216 489 2263 Jovis
504 2213 692 2262 Statoris
712 2214 804 2260 aede
825 2213 1067 2271 discerent,
1083 2214 1315 2261 conditum
1331 2215 1389 2262 ab

108 2287 242 2335 Livio
258 2302 391 2349 poeta
407 2303 583 2333 carmen
595 2321 609 2344 ‚
624 2286 735 2333 tacta
750 2286 803 2332 de
818 2287 940 2332 coelo
959 2286 1073 2335 aedes
1092 2285 1138 2332 in
1154 2286 1390 2335 Aventino

111 2359 298 2408 Junonis
312 2358 511 2422 Reginae.
533 2357 878 2422 prodigiumque
900 2358 944 2405 id
961 2359 1015 2406 ad
1037 2371 1262 2405 matronas
1282 2375 1387 2420 perv

111 2431 280 2493 tinere,
298 2431 550 2496 haruspices
571 2447 672 2482 cum
697 2430 1041 2497 respondissent,
1063 2432 1276 2495 donoque
1297 2430 1388 2478 Dis

1008 2506 1072 2551 Ee
1108 2520 1130 2566 3
