1628 2890
226 155 319 205 250
585 141 1154 189 T1T1L1v11

228 255 472 315 Carthagini
491 270 647 313 aequare
662 252 727 316 fit
737 252 894 312 stilicus
912 286 926 307 ,
953 251 1511 312 desit-tamindefensamque

216 331 376 387 populo
395 322 593 370 Romano
618 327 771 369 tradat.
792 321 1046 378 Hannibal,
1066 339 1184 369 curae
1202 322 1282 368 fibi
1301 320 1399 367 fore
1418 336 1514 366 rem

225 399 502 459 Campanam
519 395 777 459 pollicitus,
798 395 844 441 in
861 394 1096 458 praesentia
1115 396 1206 442 duo
1227 395 1365 442 millia
1383 393 1514 457 equi-

224 483 319 518 tum
342 488 442 519 cum
462 470 614 534 legatis
643 469 803 524 mittin
826 487 920 533 quo
943 470 1149 532 praesidio
1170 487 1299 533 agros
1319 468 1514 532 popula-

225 545 429 592 tionibus
457 545 634 608 poffent
661 545 916 607 prohibere.
939 545 1158 591 Romanis
1181 544 1384 602 interim,
1404 544 1515 589 ficut

225 618 415 666 aliarum
432 635 604 676 rerum,
624 619 737 665 arcis
756 618 1016 665 Tarentinae
1032 655 1044 676 ,
1064 617 1342 682 praefidiique
1355 653 1369 674 ‚
1390 614 1515 679 quod

225 692 289 740 ibi
317 693 622 749 obsideretur,
645 710 752 739 cura
772 692 871 739 effe.
903 693 957 739 C.
985 691 1202 739 Servilius
1232 691 1432 755 legatus,
1460 706 1516 736 ex

228 766 489 813 ai1&oritate
512 767 689 812 Patrum
711 783 736 812 a
760 767 806 813 P.
839 765 1062 812 Cornelio
1087 775 1279 828 praetore
1310 765 1516 810 in‘Etru-

227 839 339 888 riam
367 841 422 886 ad
457 840 738 887 frumentum
769 839 1070 886 coemendum
1095 836 1269 895 mistus,
1299 853 1401 884 cum
1433 835 1518 881 ali-

228 926 345 978 quot
374 913 567 962 navibus
597 912 767 959 onustis
795 911 841 958 in
863 923 1048 973 portum
1076 910 1373 956 Tarentinum
1401 908 1517 953 inter

230 988 423 1034 hostium
468 987 695 1043 custodias
728 986 951 1049 pervenit.
993 984 1135 1031 Cuius
1172 983 1370 1030 adventu
1386 1016 1413 1040 ‚.
1440 978 1517 1043 qui

229 1073 328 1107 ante
343 1097 356 1119 ,
378 1061 425 1106 in.
443 1061 605 1124 exigua
628 1059 700 1122 spe
714 1095 727 1117 ,
750 1058 903 1105 vocati
926 1057 1038 1120 saepe
1057 1057 1112 1102 ad
1133 1055 1442 1102 transitionem
1463 1051 1518 1098 ab

230 1133 434 1180 hostibus
456 1151 534 1196 per
554 1132 784 1194 colloquia
805 1143 931 1178 erant
948 1167 961 1188 ‚
982 1130 1106 1177 ultro
1127 1129 1182 1176 ad
1202 1127 1518 1175 transeundum

226 1206 375 1253 hostes
403 1206 631 1254 vocabant
659 1205 1065 1267 sollicitabantque.
1088 1204 1138 1251 &
1157 1216 1249 1266 erat
1274 1202 1374 1249 satis
1398 1200 1515 1249 vali-

231 1280 338 1327 dum
370 1279 640 1343 praefidium,
664 1278 873 1326 traduciis
904 1277 959 1324 ad
991 1293 1140 1323 arcem
1168 1275 1354 1324 Tarenti
1386 1286 1520 1320 tuen-

230 1354 353 1413 dam,
374 1354 454 1417 qui
479 1352 740 1416 Metaponti
767 1363 919 1409 erant,
940 1349 1172 1396 militibus.
1197 1351 1351 1412 Itaque
1371 1348 1520 1394 Meta-

227 1429 411 1493 pontini
437 1427 693 1490 extemplo‚
716 1438 838 1472 metu
855 1460 869 1484 ,
887 1440 980 1487 quo
1002 1423 1293 1479 tenebantur,
1314 1420 1520 1477 liberati,
1556 1443 1566 1447 >-

231 1502 287 1549 ad
318 1500 616 1547 Hannibalem
644 1498 859 1547 defecere.
880 1499 982 1544 Hoc
1003 1497 1121 1543 idem
1140 1495 1294 1542 eadem
1313 1509 1395 1540 ora
1423 1510 1520 1539 ma-

231 1573 293 1621 ris
319 1573 369 1620 &
391 1571 584 1618 Thurini
611 1571 828 1617 fecerunt.
855 1569 1006 1617 movit
1030 1586 1108 1616 eos
1127 1584 1223 1614 non
1241 1563 1522 1613 Tarentino-

233 1640 488 1709 rum⁴magis
507 1645 698 1692 defectio
714 1643 1243 1706 Metapontinorumque,
1257 1638 1438 1703 quibus,
1455 1637 1524 1683 in-

233 1719 383 1766 didem
413 1736 468 1766 ex
491 1717 660 1779 Acbaja
689 1717 900 1773 oriundi,
931 1716 1065 1763 etiam
1088 1714 1363 1779 cognatione
1383 1709 1523 1773 junffi

235 1804 390 1848 erant,
412 1808 546 1853 quam
569 1791 631 1836 ira
658 1790 704 1848 in
725 1791 961 1835 Romanos
984 1802 1169 1850 propter
1190 1785 1363 1832 obfides
1382 1797 1525 1846 nuper

232 1862 509 1911 interfectos.
533 1865 702 1910 Eorum
723 1862 858 1910 amici
881 1861 1151 1924 cognatique
1172 1860 1318 1907 literas
1336 1875 1386 1906 ac
1407 1872 1525 1906 nun-

236 1936 327 1982 tios
355 1936 411 1982 ad
441 1937 717 1982 Hannonem
749 1937 1115 1997 Magonemque,
1147 1932 1226 1995 qui
1256 1932 1303 1978 in
1333 1928 1526 1993 propin·-

236 2026 331 2073 qno
369 2009 415 2057 in
455 2010 637 2057 Bruttiis
680 2022 807 2057 erant
823 2043 836 2066 ‚
876 2008 1115 2062 miserunt,
1136 2007 1186 2072 fi
1211 2009 1429 2052 exercitum
1468 2003 1531 2048 ad

238 2089 392 2133 moem'a
428 2084 779 2150 αιίιηονξβῖἐηεήὲ
799 2088 844 2130 in
857 2086 1094 2151 potestatem
1123 2100 1259 2127 eorum
1279 2082 1413 2126 urbem
1436 2095 1527 2124 tra·

237 2163 399 2206 ditaros
428 2158 510 2222 ff.
542 2160 605 2204 M.
629 2156 807 2204 Atinius
835 2155 1018 2202 Thuriis
1039 2172 1139 2202 cum
1163 2152 1349 2201 modico
1376 2152 1529 2215 praefi.-

239 2231 319 2278 dio
349 2242 547 2293 praeerat.
582 2247 715 2293 quem
742 2229 871 2277 facile
898 2227 1001 2275 elici
1026 2228 1082 2274 ad
1109 2239 1336 2273 certamen
1362 2237 1528 2272 temere

240 2304 488 2351 ineundum
515 2303 728 2351 rebantur
756 2302 907 2365 poste,
929 2317 1025 2348 non
1047 2300 1240 2347 militum
1255 2336 1270 2356 ,
1287 2315 1403 2362 quos
1423 2316 1529 2361 per·

237 2392 408 2438 paucos
447 2375 666 2432 habebat,
702 2374 865 2421 fiducia
880 2409 893 2431 ‚
932 2390 1067 2436 quam
1110 2372 1359 2434 juventutis
1395 2372 1528 2418 Tinu-

243 2447 369 2496 rinae.
399 2465 496 2496 eam
517 2464 574 2496 ex
596 2447 811 2495 industria
835 2445 1168 2494 centuriaverat
1192 2456 1532 2507 armaveratque
