<?xml version="1.0" encoding="UTF-8"?>
<!DOCTYPE html PUBLIC "-//W3C//DTD XHTML 1.0 Transitional//EN"
    "http://www.w3.org/TR/xhtml1/DTD/xhtml1-transitional.dtd">
<html xmlns="http://www.w3.org/1999/xhtml" xml:lang="en" lang="en">
 <head>
  <title>
</title>
<meta http-equiv="Content-Type" content="text/html;charset=utf-8" />
  <meta name='ocr-system' content='tesseract 3.04.00' />
  <meta name='ocr-capabilities' content='ocr_page ocr_carea ocr_par ocr_line ocrx_word'/>
</head>
<body>
  <div class='ocr_page' id='page_1' title='image "./historiarumlibri04livyuoft_0019.png"; bbox 0 0 1628 2890; ppageno 0'>
   <div class='ocr_carea' id='block_1_1' title="bbox 0 0 36 2890">
    <p class='ocr_par' dir='ltr' id='par_1_1' title="bbox 0 0 36 2890">
     <span class='ocr_line' id='line_1_1' title="bbox 0 0 36 2890; baseline 0 0"><span class='ocrx_word' id='word_1_1' title='bbox 0 0 36 2890; x_wconf 95' lang='lat' dir='ltr'><strong> </strong></span> 
     </span>
    </p>
   </div>
   <div class='ocr_carea' id='block_1_2' title="bbox 325 146 1431 197">
    <p class='ocr_par' dir='ltr' id='par_1_2' title="bbox 325 146 1431 197">
     <span class='ocr_line' id='line_1_2' title="bbox 325 146 1431 197; baseline -0.005 0"><span class='ocrx_word' id='word_1_2' title='bbox 325 147 885 197; x_wconf 65' lang='lat' dir='ltr'>HISTORIARUM</span> <span class='ocrx_word' id='word_1_3' title='bbox 932 146 1057 195; x_wconf 71' lang='lat' dir='ltr'><strong>Liss.</strong></span> <span class='ocrx_word' id='word_1_4' title='bbox 1102 146 1274 192; x_wconf 46' lang='lat' dir='ltr'><strong>XXII,</strong></span> <span class='ocrx_word' id='word_1_5' title='bbox 1383 162 1431 192; x_wconf 66' lang='grc' dir='ltr'>Η</span> 
     </span>
    </p>
   </div>
   <div class='ocr_carea' id='block_1_3' title="bbox 151 253 1447 2519">
    <p class='ocr_par' dir='ltr' id='par_1_3' title="bbox 151 253 1444 683">
     <span class='ocr_line' id='line_1_3' title="bbox 152 253 1441 324; baseline -0.006 -17"><span class='ocrx_word' id='word_1_6' title='bbox 152 276 312 324; x_wconf 79' lang='lat' dir='ltr'><strong>magna</strong></span> <span class='ocrx_word' id='word_1_7' title='bbox 327 295 340 317; x_wconf 94' lang='lat'><strong>,</strong></span> <span class='ocrx_word' id='word_1_8' title='bbox 361 258 441 306; x_wconf 88' lang='lat' dir='ltr'><strong>ubi</strong></span> <span class='ocrx_word' id='word_1_9' title='bbox 464 257 593 306; x_wconf 87' lang='lat' dir='ltr'><strong>locus</strong></span> <span class='ocrx_word' id='word_1_10' title='bbox 612 256 729 320; x_wconf 76' lang='lat' dir='ltr'><strong>fugae</strong></span> <span class='ocrx_word' id='word_1_11' title='bbox 750 256 887 313; x_wconf 88' lang='lat' dir='ltr'><strong>deest,</strong></span> <span class='ocrx_word' id='word_1_12' title='bbox 909 272 988 318; x_wconf 82' lang='lat' dir='ltr'><strong>per</strong></span> <span class='ocrx_word' id='word_1_13' title='bbox 1009 255 1153 318; x_wconf 80' lang='lat' dir='ltr'><strong>prima</strong></span> <span class='ocrx_word' id='word_1_14' title='bbox 1174 255 1289 301; x_wconf 82' lang='lat' dir='ltr'><strong>vada</strong></span> <span class='ocrx_word' id='word_1_15' title='bbox 1310 253 1441 316; x_wconf 56' lang='lat' dir='ltr'><strong>palae·</strong></span> 
     </span>
     <span class='ocr_line' id='line_1_4' title="bbox 153 328 1440 396; baseline -0.004 -17"><span class='ocrx_word' id='word_1_16' title='bbox 153 333 221 380; x_wconf 84' lang='lat' dir='ltr'><strong>dis</strong></span> <span class='ocrx_word' id='word_1_17' title='bbox 241 333 288 378; x_wconf 90' lang='lat' dir='ltr'><strong>in</strong></span> <span class='ocrx_word' id='word_1_18' title='bbox 305 349 464 396; x_wconf 88' lang='lat' dir='ltr'><strong>aquam</strong></span> <span class='ocrx_word' id='word_1_19' title='bbox 487 331 696 395; x_wconf 83' lang='lat' dir='ltr'><strong>progreffi</strong></span> <span class='ocrx_word' id='word_1_20' title='bbox 713 367 726 389; x_wconf 89' lang='lat'><em>‚</em></span> <span class='ocrx_word' id='word_1_21' title='bbox 747 331 901 394; x_wconf 79' lang='lat' dir='ltr'><strong>quoad</strong></span> <span class='ocrx_word' id='word_1_22' title='bbox 918 330 1139 392; x_wconf 76' lang='lat' dir='ltr'>capitibus</span> <span class='ocrx_word' id='word_1_23' title='bbox 1159 328 1440 389; x_wconf 76' lang='lat' dir='ltr'><strong>humerisque</strong></span> 
     </span>
     <span class='ocr_line' id='line_1_5' title="bbox 154 401 1442 468; baseline -0.005 -16"><span class='ocrx_word' id='word_1_24' title='bbox 154 405 322 454; x_wconf 84' lang='lat' dir='ltr'><strong>exstare</strong></span> <span class='ocrx_word' id='word_1_25' title='bbox 355 404 567 468; x_wconf 72' lang='lat' dir='ltr'><strong>possunt,</strong></span> <span class='ocrx_word' id='word_1_26' title='bbox 595 402 681 450; x_wconf 91' lang='lat' dir='ltr'><strong>sese</strong></span> <span class='ocrx_word' id='word_1_27' title='bbox 719 402 1005 465; x_wconf 78' lang='lat' dir='ltr'><strong>immergunt.</strong></span> <span class='ocrx_word' id='word_1_28' title='bbox 1047 401 1194 459; x_wconf 89' lang='lat' dir='ltr'><strong>fuere,</strong></span> <span class='ocrx_word' id='word_1_29' title='bbox 1228 418 1344 465; x_wconf 87' lang='lat' dir='ltr'><strong>quos</strong></span> <span class='ocrx_word' id='word_1_30' title='bbox 1372 401 1442 446; x_wconf 73' lang='lat' dir='ltr'><strong>in-</strong></span> 
     </span>
     <span class='ocr_line' id='line_1_6' title="bbox 153 473 1443 539; baseline -0.002 -15"><span class='ocrx_word' id='word_1_31' title='bbox 153 476 383 524; x_wconf 81' lang='lat' dir='ltr'><strong>consultus</strong></span> <span class='ocrx_word' id='word_1_32' title='bbox 410 493 556 539; x_wconf 87' lang='lat' dir='ltr'><strong>pavor</strong></span> <span class='ocrx_word' id='word_1_33' title='bbox 576 475 727 522; x_wconf 85' lang='lat' dir='ltr'><strong>nando</strong></span> <span class='ocrx_word' id='word_1_34' title='bbox 760 474 894 523; x_wconf 88' lang='lat' dir='ltr'><strong>etiam</strong></span> <span class='ocrx_word' id='word_1_35' title='bbox 925 476 1141 538; x_wconf 79' lang='lat' dir='ltr'><strong>capeffere</strong></span> <span class='ocrx_word' id='word_1_36' title='bbox 1176 474 1326 539; x_wconf 79' lang='lat' dir='ltr'><strong>fugam</strong></span> <span class='ocrx_word' id='word_1_37' title='bbox 1353 473 1443 522; x_wconf 42' lang='lat' dir='ltr'><strong>im*</strong></span> 
     </span>
     <span class='ocr_line' id='line_1_7' title="bbox 151 548 1444 615; baseline -0.002 -21"><span class='ocrx_word' id='word_1_38' title='bbox 151 549 330 615; x_wconf 83' lang='lat' dir='ltr'><strong>pulerit.</strong></span> <span class='ocrx_word' id='word_1_39' title='bbox 369 552 485 609; x_wconf 80' lang='lat' dir='ltr'><strong>Quae</strong></span> <span class='ocrx_word' id='word_1_40' title='bbox 522 549 598 596; x_wconf 87' lang='lat' dir='ltr'><strong>ubi</strong></span> <span class='ocrx_word' id='word_1_41' title='bbox 636 548 847 595; x_wconf 84' lang='lat' dir='ltr'><strong>immensa</strong></span> <span class='ocrx_word' id='word_1_42' title='bbox 888 565 937 596; x_wconf 85' lang='lat' dir='ltr'><strong>ac</strong></span> <span class='ocrx_word' id='word_1_43' title='bbox 977 549 1067 594; x_wconf 87' lang='lat' dir='ltr'><strong>fine</strong></span> <span class='ocrx_word' id='word_1_44' title='bbox 1103 549 1178 611; x_wconf 86' lang='lat' dir='ltr'><strong>spe</strong></span> <span class='ocrx_word' id='word_1_45' title='bbox 1217 560 1331 606; x_wconf 85' lang='lat' dir='ltr'><strong>erat,</strong></span> <span class='ocrx_word' id='word_1_46' title='bbox 1367 557 1444 598; x_wconf 71' lang='lat' dir='ltr'><strong>aut}</strong></span> 
     </span>
     <span class='ocr_line' id='line_1_8' title="bbox 152 619 1444 683; baseline -0.002 -16"><span class='ocrx_word' id='word_1_47' title='bbox 152 620 464 669; x_wconf 79' lang='lat' dir='ltr'><strong>deficientibus</strong></span> <span class='ocrx_word' id='word_1_48' title='bbox 503 620 663 668; x_wconf 86' lang='lat' dir='ltr'><strong>animis</strong></span> <span class='ocrx_word' id='word_1_49' title='bbox 701 619 1016 666; x_wconf 78' lang='lat' dir='ltr'>hauriebantur</span> <span class='ocrx_word' id='word_1_50' title='bbox 1055 620 1329 683; x_wconf 78' lang='lat' dir='ltr'><strong>gurgitibus,</strong></span> <span class='ocrx_word' id='word_1_51' title='bbox 1367 629 1444 666; x_wconf 75' lang='lat' dir='ltr'><strong>aur</strong></span> 
     </span>
    </p>

    <p class='ocr_par' dir='ltr' id='par_1_4' title="bbox 151 692 1447 2219">
     <span class='ocr_line' id='line_1_9' title="bbox 151 692 1442 759; baseline -0.002 -18.938"><span class='ocrx_word' id='word_1_52' title='bbox 151 694 456 759; x_wconf 74' lang='lat' dir='ltr'><strong>nequidquam</strong></span> <span class='ocrx_word' id='word_1_53' title='bbox 487 694 580 742; x_wconf 82' lang='lat' dir='ltr'><strong>seffi</strong></span> <span class='ocrx_word' id='word_1_54' title='bbox 605 692 721 740; x_wconf 82' lang='lat' dir='ltr'><strong>vada</strong></span> <span class='ocrx_word' id='word_1_55' title='bbox 747 703 870 740; x_wconf 87' lang='lat' dir='ltr'><strong>retro</strong></span> <span class='ocrx_word' id='word_1_56' title='bbox 901 693 1128 756; x_wconf 79' lang='lat' dir='ltr'><strong>aegerrime</strong></span> <span class='ocrx_word' id='word_1_57' title='bbox 1152 693 1442 755; x_wconf 64' lang='lat' dir='ltr'><strong>repetebant,</strong></span> 
     </span>
     <span class='ocr_line' id='line_1_10' title="bbox 154 764 1441 845; baseline -0.003 -31"><span class='ocrx_word' id='word_1_58' title='bbox 154 780 286 830; x_wconf 83' lang='lat' dir='ltr'><strong>atque</strong></span> <span class='ocrx_word' id='word_1_59' title='bbox 308 768 368 814; x_wconf 89' lang='lat' dir='ltr'><strong>ibi</strong></span> <span class='ocrx_word' id='word_1_60' title='bbox 391 768 445 814; x_wconf 91' lang='lat' dir='ltr'><strong>ab</strong></span> <span class='ocrx_word' id='word_1_61' title='bbox 468 765 667 830; x_wconf 84' lang='lat' dir='ltr'><strong>ingreffis</strong></span> <span class='ocrx_word' id='word_1_62' title='bbox 693 782 853 827; x_wconf 87' lang='lat' dir='ltr'><strong>aquam</strong></span> <span class='ocrx_word' id='word_1_63' title='bbox 874 765 1069 812; x_wconf 85' lang='lat' dir='ltr'><strong>hostium</strong></span> <span class='ocrx_word' id='word_1_64' title='bbox 1094 765 1317 844; x_wconf 78' lang='lat' dir='ltr'><strong>equitibus</strong></span> <span class='ocrx_word' id='word_1_65' title='bbox 1334 764 1441 845; x_wconf 80' lang='lat' dir='ltr'><strong>pas-</strong></span> 
     </span>
     <span class='ocr_line' id='line_1_11' title="bbox 153 836 1440 917; baseline -0.002 -30"><span class='ocrx_word' id='word_1_66' title='bbox 153 841 234 887; x_wconf 82' lang='lat' dir='ltr'><strong>sim</strong></span> <span class='ocrx_word' id='word_1_67' title='bbox 264 840 614 888; x_wconf 74' lang='lat' dir='ltr'><strong>trucidabantur.</strong></span> <span class='ocrx_word' id='word_1_68' title='bbox 645 839 731 885; x_wconf 81' lang='lat' dir='ltr'><strong>Sex</strong></span> <span class='ocrx_word' id='word_1_69' title='bbox 752 837 892 884; x_wconf 85' lang='lat' dir='ltr'><strong>millia</strong></span> <span class='ocrx_word' id='word_1_70' title='bbox 912 837 1050 883; x_wconf 86' lang='lat' dir='ltr'><strong>ferme</strong></span> <span class='ocrx_word' id='word_1_71' title='bbox 1072 836 1207 899; x_wconf 88' lang='lat' dir='ltr'><strong>primi</strong></span> <span class='ocrx_word' id='word_1_72' title='bbox 1228 837 1440 917; x_wconf 67' lang='lat' dir='ltr'><strong>agminis,</strong></span> 
     </span>
     <span class='ocr_line' id='line_1_12' title="bbox 153 908 1444 977; baseline -0.002 -17"><span class='ocrx_word' id='word_1_73' title='bbox 153 930 233 977; x_wconf 91' lang='lat' dir='ltr'><strong>per</strong></span> <span class='ocrx_word' id='word_1_74' title='bbox 256 913 466 960; x_wconf 81' lang='lat' dir='ltr'><strong>adversos</strong></span> <span class='ocrx_word' id='word_1_75' title='bbox 498 911 645 959; x_wconf 82' lang='lat' dir='ltr'><strong>hostes</strong></span> <span class='ocrx_word' id='word_1_76' title='bbox 666 910 905 973; x_wconf 84' lang='lat' dir='ltr'><strong>eruptione</strong></span> <span class='ocrx_word' id='word_1_77' title='bbox 927 909 1117 974; x_wconf 78' lang='lat' dir='ltr'><strong>impigre</strong></span> <span class='ocrx_word' id='word_1_78' title='bbox 1140 908 1278 967; x_wconf 61' lang='lat' dir='ltr'><strong>facia,</strong></span> <span class='ocrx_word' id='word_1_79' title='bbox 1302 908 1444 972; x_wconf 79' lang='lat' dir='ltr'><strong>ignari</strong></span> 
     </span>
     <span class='ocr_line' id='line_1_13' title="bbox 154 981 1445 1051; baseline -0.002 -18"><span class='ocrx_word' id='word_1_80' title='bbox 154 987 387 1045; x_wconf 84' lang='lat' dir='ltr'><strong>omnium,</strong></span> <span class='ocrx_word' id='word_1_81' title='bbox 416 1003 527 1051; x_wconf 84' lang='lat' dir='ltr'><strong>quae</strong></span> <span class='ocrx_word' id='word_1_82' title='bbox 547 985 648 1049; x_wconf 88' lang='lat' dir='ltr'><strong>post</strong></span> <span class='ocrx_word' id='word_1_83' title='bbox 677 983 718 1031; x_wconf 90' lang='lat' dir='ltr'><strong>se</strong></span> <span class='ocrx_word' id='word_1_84' title='bbox 745 995 1012 1049; x_wconf 75' lang='lat' dir='ltr'><strong>agerentur,</strong></span> <span class='ocrx_word' id='word_1_85' title='bbox 1035 1000 1090 1029; x_wconf 80' lang='lat' dir='ltr'><strong>ex</strong></span> <span class='ocrx_word' id='word_1_86' title='bbox 1118 981 1230 1028; x_wconf 86' lang='lat' dir='ltr'><strong>saltu</strong></span> <span class='ocrx_word' id='word_1_87' title='bbox 1251 981 1445 1031; x_wconf 83' lang='lat' dir='ltr'><strong>evasere.</strong></span> 
     </span>
     <span class='ocr_line' id='line_1_14' title="bbox 153 1055 1445 1120; baseline -0.005 -13"><span class='ocrx_word' id='word_1_88' title='bbox 153 1061 229 1118; x_wconf 85' lang='lat'><strong>&amp;,</strong></span> <span class='ocrx_word' id='word_1_89' title='bbox 260 1077 362 1106; x_wconf 88' lang='lat' dir='ltr'><strong>cum</strong></span> <span class='ocrx_word' id='word_1_90' title='bbox 393 1059 439 1104; x_wconf 90' lang='lat' dir='ltr'><strong>in</strong></span> <span class='ocrx_word' id='word_1_91' title='bbox 468 1058 646 1105; x_wconf 84' lang='lat' dir='ltr'><strong>tumulo</strong></span> <span class='ocrx_word' id='word_1_92' title='bbox 681 1057 880 1120; x_wconf 87' lang='lat' dir='ltr'><strong>quodam</strong></span> <span class='ocrx_word' id='word_1_93' title='bbox 911 1055 1235 1114; x_wconf 75' lang='lat' dir='ltr'><strong>constitissent,</strong></span> <span class='ocrx_word' id='word_1_94' title='bbox 1269 1055 1445 1101; x_wconf 43' lang='lat' dir='ltr'><strong>clamo*</strong></span> 
     </span>
     <span class='ocr_line' id='line_1_15' title="bbox 152 1126 1445 1191; baseline -0.005 -12"><span class='ocrx_word' id='word_1_95' title='bbox 152 1150 245 1180; x_wconf 84' lang='lat' dir='ltr'><strong>rem</strong></span> <span class='ocrx_word' id='word_1_96' title='bbox 269 1133 412 1179; x_wconf 88' lang='lat' dir='ltr'><strong>modo</strong></span> <span class='ocrx_word' id='word_1_97' title='bbox 441 1150 492 1179; x_wconf 87' lang='lat' dir='ltr'><strong>ac</strong></span> <span class='ocrx_word' id='word_1_98' title='bbox 516 1131 678 1178; x_wconf 89' lang='lat' dir='ltr'><strong>sonum</strong></span> <span class='ocrx_word' id='word_1_99' title='bbox 700 1147 928 1177; x_wconf 86' lang='lat' dir='ltr'><strong>armorum</strong></span> <span class='ocrx_word' id='word_1_100' title='bbox 953 1128 1208 1185; x_wconf 79' lang='lat' dir='ltr'><strong>audientes,</strong></span> <span class='ocrx_word' id='word_1_101' title='bbox 1232 1145 1333 1191; x_wconf 79' lang='lat' dir='ltr'><strong>quae</strong></span> <span class='ocrx_word' id='word_1_102' title='bbox 1351 1126 1445 1173; x_wconf 86' lang='lat' dir='ltr'><strong>for-</strong></span> 
     </span>
     <span class='ocr_line' id='line_1_16' title="bbox 152 1200 1446 1268; baseline -0.004 -18"><span class='ocrx_word' id='word_1_103' title='bbox 152 1215 257 1251; x_wconf 76' lang='lat' dir='ltr'><strong>tuna</strong></span> <span class='ocrx_word' id='word_1_104' title='bbox 288 1222 451 1268; x_wconf 67' lang='lat' dir='ltr'><strong>pugnae</strong></span> <span class='ocrx_word' id='word_1_105' title='bbox 471 1203 599 1262; x_wconf 82' lang='lat' dir='ltr'><strong>effet,</strong></span> <span class='ocrx_word' id='word_1_106' title='bbox 631 1220 780 1266; x_wconf 86' lang='lat' dir='ltr'><strong>neque</strong></span> <span class='ocrx_word' id='word_1_107' title='bbox 805 1202 914 1250; x_wconf 89' lang='lat' dir='ltr'><strong>scire</strong></span> <span class='ocrx_word' id='word_1_108' title='bbox 932 1237 943 1256; x_wconf 92' lang='lat'><strong>,</strong></span> <span class='ocrx_word' id='word_1_109' title='bbox 967 1218 1050 1248; x_wconf 88' lang='lat' dir='ltr'><strong>nec</strong></span> <span class='ocrx_word' id='word_1_110' title='bbox 1078 1200 1328 1264; x_wconf 83' lang='lat' dir='ltr'><strong>perspicere</strong></span> <span class='ocrx_word' id='word_1_111' title='bbox 1352 1217 1446 1262; x_wconf 74' lang='lat' dir='ltr'><strong>prae</strong></span> 
     </span>
     <span class='ocr_line' id='line_1_17' title="bbox 154 1274 1447 1342; baseline -0.005 -16"><span class='ocrx_word' id='word_1_112' title='bbox 154 1278 346 1342; x_wconf 84' lang='lat' dir='ltr'><strong>caligine</strong></span> <span class='ocrx_word' id='word_1_113' title='bbox 374 1290 599 1341; x_wconf 87' lang='lat' dir='ltr'><strong>poterant.</strong></span> <span class='ocrx_word' id='word_1_114' title='bbox 635 1277 850 1324; x_wconf 82' lang='lat' dir='ltr'><strong>Inclinata</strong></span> <span class='ocrx_word' id='word_1_115' title='bbox 870 1275 1065 1338; x_wconf 87' lang='lat' dir='ltr'><strong>denique</strong></span> <span class='ocrx_word' id='word_1_116' title='bbox 1095 1291 1164 1332; x_wconf 86' lang='lat' dir='ltr'><strong>re,</strong></span> <span class='ocrx_word' id='word_1_117' title='bbox 1188 1292 1292 1321; x_wconf 89' lang='lat' dir='ltr'><strong>cum</strong></span> <span class='ocrx_word' id='word_1_118' title='bbox 1321 1274 1447 1321; x_wconf 68' lang='lat' dir='ltr'><strong>inca-2</strong></span> 
     </span>
     <span class='ocr_line' id='line_1_18' title="bbox 152 1348 1445 1414; baseline 0 -17"><span class='ocrx_word' id='word_1_119' title='bbox 152 1351 343 1399; x_wconf 87' lang='lat' dir='ltr'><strong>lescente</strong></span> <span class='ocrx_word' id='word_1_120' title='bbox 365 1352 458 1399; x_wconf 88' lang='lat' dir='ltr'><strong>sole</strong></span> <span class='ocrx_word' id='word_1_121' title='bbox 488 1350 677 1414; x_wconf 84' lang='lat' dir='ltr'><strong>dispulsa</strong></span> <span class='ocrx_word' id='word_1_122' title='bbox 709 1351 871 1397; x_wconf 82' lang='lat' dir='ltr'><strong>nebula</strong></span> <span class='ocrx_word' id='word_1_123' title='bbox 907 1349 1142 1412; x_wconf 74' lang='lat' dir='ltr'><strong>aperuisset</strong></span> <span class='ocrx_word' id='word_1_124' title='bbox 1173 1348 1313 1407; x_wconf 85' lang='lat' dir='ltr'><strong>diem,</strong></span> <span class='ocrx_word' id='word_1_125' title='bbox 1347 1360 1445 1397; x_wconf 78' lang='lat' dir='ltr'><strong>tum</strong></span> 
     </span>
     <span class='ocr_line' id='line_1_19' title="bbox 152 1421 1445 1490; baseline -0.004 -18"><span class='ocrx_word' id='word_1_126' title='bbox 152 1425 325 1490; x_wconf 85' lang='lat' dir='ltr'><strong>liquida</strong></span> <span class='ocrx_word' id='word_1_127' title='bbox 344 1425 429 1487; x_wconf 87' lang='lat' dir='ltr'><strong>jam</strong></span> <span class='ocrx_word' id='word_1_128' title='bbox 452 1426 550 1472; x_wconf 88' lang='lat' dir='ltr'><strong>luce</strong></span> <span class='ocrx_word' id='word_1_129' title='bbox 567 1437 746 1471; x_wconf 86' lang='lat' dir='ltr'><strong>montes</strong></span> <span class='ocrx_word' id='word_1_130' title='bbox 768 1424 1003 1487; x_wconf 82' lang='lat' dir='ltr'><strong>campique</strong></span> <span class='ocrx_word' id='word_1_131' title='bbox 1032 1422 1224 1485; x_wconf 83' lang='lat' dir='ltr'><strong>perditas</strong></span> <span class='ocrx_word' id='word_1_132' title='bbox 1253 1439 1321 1469; x_wconf 87' lang='lat' dir='ltr'><strong>res</strong></span> <span class='ocrx_word' id='word_1_133' title='bbox 1342 1421 1445 1468; x_wconf 85' lang='lat' dir='ltr'><strong>stra-</strong></span> 
     </span>
     <span class='ocr_line' id='line_1_20' title="bbox 152 1495 1446 1562; baseline -0.004 -17"><span class='ocrx_word' id='word_1_134' title='bbox 152 1510 334 1562; x_wconf 85' lang='lat' dir='ltr'><strong>tamque</strong></span> <span class='ocrx_word' id='word_1_135' title='bbox 365 1498 599 1544; x_wconf 89' lang='lat' dir='ltr'><strong>ostendere</strong></span> <span class='ocrx_word' id='word_1_136' title='bbox 631 1497 755 1544; x_wconf 86' lang='lat' dir='ltr'><strong>foede</strong></span> <span class='ocrx_word' id='word_1_137' title='bbox 791 1499 1044 1543; x_wconf 84' lang='lat' dir='ltr'><strong>Romanam</strong></span> <span class='ocrx_word' id='word_1_138' title='bbox 1074 1495 1230 1542; x_wconf 84' lang='lat' dir='ltr'><strong>aciem.</strong></span> <span class='ocrx_word' id='word_1_139' title='bbox 1267 1495 1446 1558; x_wconf 82' lang='lat' dir='ltr'><strong>itaque,</strong></span> 
     </span>
     <span class='ocr_line' id='line_1_21' title="bbox 154 1566 1445 1635; baseline -0.006 -16"><span class='ocrx_word' id='word_1_140' title='bbox 154 1590 211 1620; x_wconf 79' lang='lat' dir='ltr'><strong>ne</strong></span> <span class='ocrx_word' id='word_1_141' title='bbox 231 1574 276 1618; x_wconf 85' lang='lat' dir='ltr'><strong>in</strong></span> <span class='ocrx_word' id='word_1_142' title='bbox 306 1572 570 1635; x_wconf 72' lang='lat' dir='ltr'><strong>conspe&amp;os</strong></span> <span class='ocrx_word' id='word_1_143' title='bbox 590 1570 756 1633; x_wconf 88' lang='lat' dir='ltr'><strong>procul</strong></span> <span class='ocrx_word' id='word_1_144' title='bbox 782 1570 1099 1616; x_wconf 81' lang='lat' dir='ltr'><strong>immitteretur</strong></span> <span class='ocrx_word' id='word_1_145' title='bbox 1119 1584 1280 1630; x_wconf 87' lang='lat' dir='ltr'><strong>eques,</strong></span> <span class='ocrx_word' id='word_1_146' title='bbox 1298 1566 1445 1612; x_wconf 83' lang='lat' dir='ltr'><strong>subla-</strong></span> 
     </span>
     <span class='ocr_line' id='line_1_22' title="bbox 153 1638 1444 1708; baseline -0.006 -16"><span class='ocrx_word' id='word_1_147' title='bbox 153 1646 209 1697; x_wconf 79' lang='lat' dir='ltr'><strong>tis</strong></span> <span class='ocrx_word' id='word_1_148' title='bbox 239 1645 398 1708; x_wconf 84' lang='lat' dir='ltr'><strong>raptim</strong></span> <span class='ocrx_word' id='word_1_149' title='bbox 425 1644 580 1707; x_wconf 77' lang='lat' dir='ltr'><strong>signis,</strong></span> <span class='ocrx_word' id='word_1_150' title='bbox 610 1660 744 1707; x_wconf 89' lang='lat' dir='ltr'><strong>quam</strong></span> <span class='ocrx_word' id='word_1_151' title='bbox 772 1643 1028 1690; x_wconf 85' lang='lat' dir='ltr'><strong>citatiffimo</strong></span> <span class='ocrx_word' id='word_1_152' title='bbox 1064 1652 1274 1703; x_wconf 83' lang='lat' dir='ltr'><strong>poterant</strong></span> <span class='ocrx_word' id='word_1_153' title='bbox 1303 1638 1444 1702; x_wconf 81' lang='lat' dir='ltr'><strong>agmi-</strong></span> 
     </span>
     <span class='ocr_line' id='line_1_23' title="bbox 153 1714 1445 1781; baseline -0.005 -16"><span class='ocrx_word' id='word_1_154' title='bbox 153 1736 211 1765; x_wconf 88' lang='lat' dir='ltr'><strong>ne</strong></span> <span class='ocrx_word' id='word_1_155' title='bbox 228 1755 241 1777; x_wconf 92' lang='lat'><strong>,</strong></span> <span class='ocrx_word' id='word_1_156' title='bbox 262 1718 348 1765; x_wconf 90' lang='lat' dir='ltr'><strong>sese</strong></span> <span class='ocrx_word' id='word_1_157' title='bbox 383 1718 686 1781; x_wconf 83' lang='lat' dir='ltr'><strong>abripuerunt.</strong></span> <span class='ocrx_word' id='word_1_158' title='bbox 720 1717 905 1763; x_wconf 87' lang='lat' dir='ltr'><strong>Postero</strong></span> <span class='ocrx_word' id='word_1_159' title='bbox 936 1716 1007 1763; x_wconf 90' lang='lat' dir='ltr'><strong>die</strong></span> <span class='ocrx_word' id='word_1_160' title='bbox 1023 1753 1037 1774; x_wconf 86' lang='lat'><strong>,</strong></span> <span class='ocrx_word' id='word_1_161' title='bbox 1061 1733 1161 1762; x_wconf 88' lang='lat' dir='ltr'><strong>cum</strong></span> <span class='ocrx_word' id='word_1_162' title='bbox 1177 1751 1190 1773; x_wconf 88' lang='lat'>‚</span> <span class='ocrx_word' id='word_1_163' title='bbox 1212 1714 1341 1777; x_wconf 86' lang='lat' dir='ltr'><strong>super</strong></span> <span class='ocrx_word' id='word_1_164' title='bbox 1368 1731 1445 1760; x_wconf 60' lang='lat' dir='ltr'><strong>cea.</strong></span> 
     </span>
     <span class='ocr_line' id='line_1_24' title="bbox 154 1788 1446 1849; baseline -0.005 -10"><span class='ocrx_word' id='word_1_165' title='bbox 154 1803 271 1849; x_wconf 79' lang='lat' dir='ltr'><strong>tera,</strong></span> <span class='ocrx_word' id='word_1_166' title='bbox 289 1805 487 1839; x_wconf 77' lang='lat' dir='ltr'><strong>extrema</strong></span> <span class='ocrx_word' id='word_1_167' title='bbox 507 1790 644 1838; x_wconf 83' lang='lat' dir='ltr'><strong>fames</strong></span> <span class='ocrx_word' id='word_1_168' title='bbox 664 1791 797 1838; x_wconf 85' lang='lat' dir='ltr'><strong>etiam</strong></span> <span class='ocrx_word' id='word_1_169' title='bbox 815 1790 1019 1845; x_wconf 79' lang='lat' dir='ltr'><strong>instaret3</strong></span> <span class='ocrx_word' id='word_1_170' title='bbox 1034 1789 1168 1835; x_wconf 86' lang='lat' dir='ltr'><strong>fidem</strong></span> <span class='ocrx_word' id='word_1_171' title='bbox 1194 1788 1326 1835; x_wconf 84' lang='lat' dir='ltr'><strong>dante</strong></span> <span class='ocrx_word' id='word_1_172' title='bbox 1345 1790 1446 1834; x_wconf 65' lang='lat' dir='ltr'><strong>Ma-</strong></span> 
     </span>
     <span class='ocr_line' id='line_1_25' title="bbox 155 1861 1443 1927; baseline -0.002 -18"><span class='ocrx_word' id='word_1_173' title='bbox 155 1864 359 1922; x_wconf 85' lang='lat' dir='ltr'><strong>harbale,</strong></span> <span class='ocrx_word' id='word_1_174' title='bbox 378 1864 456 1927; x_wconf 88' lang='lat' dir='ltr'><strong>qui</strong></span> <span class='ocrx_word' id='word_1_175' title='bbox 477 1881 579 1910; x_wconf 88' lang='lat' dir='ltr'><strong>cum</strong></span> <span class='ocrx_word' id='word_1_176' title='bbox 600 1862 814 1909; x_wconf 87' lang='lat' dir='ltr'><strong>omnibus</strong></span> <span class='ocrx_word' id='word_1_177' title='bbox 838 1861 1116 1926; x_wconf 88' lang='lat' dir='ltr'><strong>equestribus</strong></span> <span class='ocrx_word' id='word_1_178' title='bbox 1145 1861 1291 1924; x_wconf 84' lang='lat' dir='ltr'><strong>copiis</strong></span> <span class='ocrx_word' id='word_1_179' title='bbox 1312 1861 1443 1907; x_wconf 57' lang='lat' dir='ltr'><strong>nocie</strong></span> 
     </span>
     <span class='ocr_line' id='line_1_26' title="bbox 158 1933 1446 1995; baseline 0.001 -15"><span class='ocrx_word' id='word_1_180' title='bbox 158 1935 421 1987; x_wconf 84' lang='lat' dir='ltr'><strong>consecutus</strong></span> <span class='ocrx_word' id='word_1_181' title='bbox 443 1947 559 1995; x_wconf 85' lang='lat' dir='ltr'><strong>erat,</strong></span> <span class='ocrx_word' id='word_1_182' title='bbox 578 1935 609 1981; x_wconf 88' lang='lat' dir='ltr'>fi</span> <span class='ocrx_word' id='word_1_183' title='bbox 629 1952 751 1981; x_wconf 87' lang='lat' dir='ltr'><strong>arma</strong></span> <span class='ocrx_word' id='word_1_184' title='bbox 770 1934 1070 1989; x_wconf 72' lang='lat' dir='ltr'><strong>tradidissent,</strong></span> <span class='ocrx_word' id='word_1_185' title='bbox 1092 1933 1215 1984; x_wconf 83' lang='lat' dir='ltr'><strong>abire</strong></span> <span class='ocrx_word' id='word_1_186' title='bbox 1236 1951 1337 1980; x_wconf 88' lang='lat' dir='ltr'><strong>cum</strong></span> <span class='ocrx_word' id='word_1_187' title='bbox 1359 1933 1446 1981; x_wconf 75' lang='lat' dir='ltr'><strong>fin·</strong></span> 
     </span>
     <span class='ocr_line' id='line_1_27' title="bbox 156 1972 1444 2072; baseline 0 -19"><span class='ocrx_word' id='word_1_188' title='bbox 156 2008 271 2072; x_wconf 81' lang='lat' dir='ltr'><strong>gulis</strong></span> <span class='ocrx_word' id='word_1_189' title='bbox 309 1972 586 2055; x_wconf 81' lang='lat' dir='ltr'><strong>vestimentis</strong></span> <span class='ocrx_word' id='word_1_190' title='bbox 622 2008 875 2070; x_wconf 73' lang='lat' dir='ltr'><strong>passurum,</strong></span> <span class='ocrx_word' id='word_1_191' title='bbox 905 2007 992 2054; x_wconf 90' lang='lat' dir='ltr'><strong>sese</strong></span> <span class='ocrx_word' id='word_1_192' title='bbox 1022 2007 1300 2053; x_wconf 86' lang='lat' dir='ltr'><strong>dediderunt.</strong></span> <span class='ocrx_word' id='word_1_193' title='bbox 1343 2023 1444 2070; x_wconf 79' lang='lat' dir='ltr'><strong>quae</strong></span> 
     </span>
     <span class='ocr_line' id='line_1_28' title="bbox 157 2079 1444 2145; baseline -0.002 -17"><span class='ocrx_word' id='word_1_194' title='bbox 157 2081 325 2128; x_wconf 85' lang='lat' dir='ltr'><strong>Punica</strong></span> <span class='ocrx_word' id='word_1_195' title='bbox 349 2081 569 2145; x_wconf 81' lang='lat' dir='ltr'><strong>religione</strong></span> <span class='ocrx_word' id='word_1_196' title='bbox 604 2080 778 2127; x_wconf 90' lang='lat' dir='ltr'><strong>servata</strong></span> <span class='ocrx_word' id='word_1_197' title='bbox 804 2079 911 2128; x_wconf 82' lang='lat' dir='ltr'><strong>fides</strong></span> <span class='ocrx_word' id='word_1_198' title='bbox 930 2081 984 2127; x_wconf 75' lang='lat' dir='ltr'><strong>ab</strong></span> <span class='ocrx_word' id='word_1_199' title='bbox 1012 2079 1261 2127; x_wconf 88' lang='lat' dir='ltr'><strong>Hannibale</strong></span> <span class='ocrx_word' id='word_1_200' title='bbox 1278 2079 1363 2140; x_wconf 76' lang='lat' dir='ltr'><strong>est,</strong></span> <span class='ocrx_word' id='word_1_201' title='bbox 1381 2090 1444 2125; x_wconf 86' lang='lat' dir='ltr'><strong>at-</strong></span> 
     </span>
     <span class='ocr_line' id='line_1_29' title="bbox 158 2153 945 2219; baseline -0.001 -19"><span class='ocrx_word' id='word_1_202' title='bbox 158 2171 246 2219; x_wconf 90' lang='lat' dir='ltr'><strong>que</strong></span> <span class='ocrx_word' id='word_1_203' title='bbox 271 2154 317 2200; x_wconf 91' lang='lat' dir='ltr'><strong>in</strong></span> <span class='ocrx_word' id='word_1_204' title='bbox 346 2154 533 2201; x_wconf 83' lang='lat' dir='ltr'><strong>vincula</strong></span> <span class='ocrx_word' id='word_1_205' title='bbox 554 2170 712 2201; x_wconf 88' lang='lat' dir='ltr'><strong>omnes</strong></span> <span class='ocrx_word' id='word_1_206' title='bbox 734 2153 945 2215; x_wconf 83' lang='lat' dir='ltr'><strong>conjecit.</strong></span> 
     </span>
    </p>

    <p class='ocr_par' dir='ltr' id='par_1_5' title="bbox 158 2228 1446 2519">
     <span class='ocr_line' id='line_1_30' title="bbox 223 2228 1445 2292; baseline 0 -18"><span class='ocrx_word' id='word_1_207' title='bbox 223 2231 319 2275; x_wconf 87' lang='lat' dir='ltr'>V11.</span> <span class='ocrx_word' id='word_1_208' title='bbox 352 2230 460 2276; x_wconf 81' lang='lat' dir='ltr'><strong>Haec</strong></span> <span class='ocrx_word' id='word_1_209' title='bbox 482 2229 543 2275; x_wconf 90' lang='lat' dir='ltr'><strong>est</strong></span> <span class='ocrx_word' id='word_1_210' title='bbox 571 2229 737 2276; x_wconf 83' lang='lat' dir='ltr'><strong>nobilis</strong></span> <span class='ocrx_word' id='word_1_211' title='bbox 766 2230 820 2276; x_wconf 85' lang='lat' dir='ltr'><strong>ad</strong></span> <span class='ocrx_word' id='word_1_212' title='bbox 847 2228 1159 2276; x_wconf 79' lang='lat' dir='ltr'><strong>Trasimenum</strong></span> <span class='ocrx_word' id='word_1_213' title='bbox 1184 2245 1360 2292; x_wconf 77' lang='lat' dir='ltr'><strong>pugna,</strong></span> <span class='ocrx_word' id='word_1_214' title='bbox 1375 2239 1445 2274; x_wconf 84' lang='lat' dir='ltr'><strong>at-</strong></span> 
     </span>
     <span class='ocr_line' id='line_1_31' title="bbox 158 2301 1446 2366; baseline 0.002 -18"><span class='ocrx_word' id='word_1_215' title='bbox 158 2318 246 2362; x_wconf 77' lang='lat' dir='ltr'><strong>que</strong></span> <span class='ocrx_word' id='word_1_216' title='bbox 280 2301 396 2348; x_wconf 87' lang='lat' dir='ltr'><strong>inter</strong></span> <span class='ocrx_word' id='word_1_217' title='bbox 428 2319 588 2365; x_wconf 84' lang='lat' dir='ltr'><strong>paucas</strong></span> <span class='ocrx_word' id='word_1_218' title='bbox 607 2315 854 2350; x_wconf 84' lang='lat' dir='ltr'><strong>memorata</strong></span> <span class='ocrx_word' id='word_1_219' title='bbox 879 2301 1039 2366; x_wconf 85' lang='lat' dir='ltr'><strong>populi</strong></span> <span class='ocrx_word' id='word_1_220' title='bbox 1068 2302 1263 2348; x_wconf 81' lang='lat' dir='ltr'><strong>Romani</strong></span> <span class='ocrx_word' id='word_1_221' title='bbox 1283 2302 1446 2350; x_wconf 81' lang='lat' dir='ltr'><strong>clades.</strong></span> 
     </span>
     <span class='ocr_line' id='line_1_32' title="bbox 159 2373 1444 2433; baseline 0.001 -14"><span class='ocrx_word' id='word_1_222' title='bbox 159 2373 433 2433; x_wconf 83' lang='lat' dir='ltr'><strong>Quindecim</strong></span> <span class='ocrx_word' id='word_1_223' title='bbox 466 2375 603 2422; x_wconf 84' lang='lat' dir='ltr'><strong>millia</strong></span> <span class='ocrx_word' id='word_1_224' title='bbox 628 2378 943 2423; x_wconf 83' lang='lat' dir='ltr'><strong>Romanorum</strong></span> <span class='ocrx_word' id='word_1_225' title='bbox 971 2377 1017 2423; x_wconf 92' lang='lat' dir='ltr'><strong>in</strong></span> <span class='ocrx_word' id='word_1_226' title='bbox 1050 2375 1144 2423; x_wconf 81' lang='lat' dir='ltr'><strong>acie</strong></span> <span class='ocrx_word' id='word_1_227' title='bbox 1174 2375 1444 2431; x_wconf 53' lang='lat' dir='ltr'><strong>caesasuntg</strong></span> 
     </span>
     <span class='ocr_line' id='line_1_33' title="bbox 158 2449 1440 2519; baseline -0.003 -21"><span class='ocrx_word' id='word_1_228' title='bbox 158 2449 313 2502; x_wconf 75' lang='lat' dir='ltr'><strong>decem</strong></span> <span class='ocrx_word' id='word_1_229' title='bbox 347 2449 511 2511; x_wconf 83' lang='lat' dir='ltr'><strong>millia,</strong></span> <span class='ocrx_word' id='word_1_230' title='bbox 544 2450 688 2515; x_wconf 82' lang='lat' dir='ltr'><strong>sparsa</strong></span> <span class='ocrx_word' id='word_1_231' title='bbox 721 2450 826 2519; x_wconf 85' lang='lat' dir='ltr'><strong>fuga</strong></span> <span class='ocrx_word' id='word_1_232' title='bbox 859 2467 939 2515; x_wconf 88' lang='lat' dir='ltr'><strong>per</strong></span> <span class='ocrx_word' id='word_1_233' title='bbox 973 2467 1154 2499; x_wconf 85' lang='lat' dir='ltr'><strong>omnem</strong></span> <span class='ocrx_word' id='word_1_234' title='bbox 1189 2449 1440 2506; x_wconf 77' lang='lat' dir='ltr'><strong>Etruriam,</strong></span> 
     </span>
    </p>
   </div>
  </div>
 </body>
</html>
