1628 2890
204 165 304 220 '430
566 151 1123 199 TITILIVII

206 274 387 306 manum
407 272 594 320 quoque
622 254 831 302 adversus
862 254 904 302 se
928 254 1118 302 moviffe
1138 254 1308 302 bellum
1333 255 1486 303 cre-zle-

207 333 330 379 bant.
353 329 545 376 Profeffi
566 330 620 376 ab
642 329 836 392 DymiS‚
859 327 1107 389 conjun&o
1127 330 1329 376 exercitu
1350 328 1486 376 trans-

206 415 315 449 eunt
344 400 542 448 Larisum
569 417 772 460 amnem,
806 401 884 466 qui
914 401 1072 448 Eleum
1108 418 1260 465 agrum
1294 403 1350 449 ab
1379 403 1490 466 Dy-

207 491 325 522 maeo
355 474 536 521 dirimit.

273 549 467 596 XXXII.
501 547 699 594 Primum
734 546 884 602 diem,
922 563 1016 611 quo
1050 545 1160 593 fines
1191 545 1388 593 hostium
1419 547 1491 592 in-

208 622 336 686 greffi
372 621 504 679 sunt,
539 620 803 684 populando
836 619 1154 666 absumserunt.
1202 618 1386 666 Postero
1419 619 1491 666 die
1524 631 1529 641 *

207 695 306 743 acie
329 694 538 741 instrufflt
561 694 615 740 ad
631 693 787 740 urbem
808 692 1102 749 accefferunt‚
1122 691 1349 755 praemiffis
1369 692 1492 755 equi-

209 768 363 824 tibus;
398 766 503 830 qui,
533 766 840 829 obequitando
873 765 1016 828 portis
1034 801 1047 823 ‚
1072 778 1302 828 promtum
1331 764 1386 810 ad
1414 781 1491 810 ex-

209 840 449 888 curfionos
468 856 608 904 genus
625 839 881 886 lacesserent
900 839 1172 886 AEtolorum.
1198 838 1495 902 Ignorabam,

209 912 464 975 Sulpicium
503 928 606 959 cum
645 912 904 975 quindecim
939 911 1128 958 navibus
1165 912 1220 958 ab
1258 910 1495 973 Naupa&o

211 987 441 1051 Cyllenen
475 984 723 1048 trajecisse,
757 987 834 1045 &,
867 985 1080 1048 expofitis
1120 985 1166 1031 in
1199 998 1362 1032 terram
1389 1000 1497 1047 qua-

211 1071 321 1106 tuor
349 1058 545 1105 millibus
568 1071 872 1114 armatorum,
904 1057 1082 1104 silentio
1116 1058 1286 1114 noffis,
1306 1074 1362 1103 ne
1381 1073 1497 1103 con-

213 1132 326 1194 spici
345 1148 502 1196 agmen
523 1131 691 1194 posset,
714 1130 886 1177 intraffe
913 1131 1045 1177 Elim.
1081 1133 1231 1193 Itaque
1250 1128 1498 1192 improvisa

216 1222 285 1252 res
304 1206 534 1269 ingentem
553 1203 707 1265 injecit
723 1220 942 1251 terrorem
955 1203 1249 1266 spostquam
1239 1217 1356 1249 mter
1370 1203 1496 1249 AEto-

213 1278 286 1325 los
303 1277 523 1341 Eleosque
545 1278 750 1323 Romana
772 1276 891 1340 figna
912 1287 1046 1338 atque
1074 1292 1194 1322 arma
1220 1290 1496 1338 cognovere.

213 1353 273 1398 Et
300 1351 450 1414 primo
480 1350 676 1414 recipere
703 1350 804 1396 suos
829 1348 1040 1397 voluerat
1067 1365 1146 1395 rex
1169 1366 1179 1394 :
1216 1349 1319 1394 dein
1338 1383 1351 1406 ,
1381 1363 1499 1394 con-

214 1425 359 1472 trafilo
383 1423 472 1486 jam
498 1424 613 1470 inter
637 1423 816 1469 AEtolos
850 1423 900 1469 &
928 1421 1102 1469 Tralles
1130 1420 1421 1485 (Illyriorum
1453 1419 1499 1465 {d
1546 1435 1555 1439 ··
1580 1395 1613 1440 ’ἦ

215 1497 279 1545 est
320 1496 490 1562 genus)
529 1498 795 1556 certamine,
836 1512 938 1543 cum
972 1494 1121 1558 urgeri
1153 1495 1330 1542 videret
1367 1493 1498 1556 suos,

215 1576 268 1622 &
299 1574 391 1638 ipse
422 1592 504 1621 rex
531 1591 634 1622 cum
665 1573 865 1638 equitatu
893 1573 940 1619 in
971 1572 1208 1619 cohortem
1243 1572 1498 1617 Romanam

214 1648 418 1696 incurrit.
454 1648 520 1694 Ibi
553 1664 694 1710 equus
731 1647 825 1709 pilo
855 1645 1060 1708 trajeElus
1098 1662 1198 1692 cum
1236 1643 1495 1707 prolapsum

213 1738 294 1785 per
326 1733 460 1784 caput
488 1737 637 1784 regem
666 1718 908 1776 effudisset,
940 1732 1074 1764 atrox
1100 1734 1248 1780 pugna
1281 1717 1495 1781 utrinque

218 1795 402 1847 accensa
429 1797 518 1854 est,
539 1798 589 1844 &
605 1796 660 1842 ab
689 1795 905 1842 Romanis
925 1793 1094 1855 impetu
1117 1792 1163 1837 in
1186 1808 1331 1855 regem
1355 1790 1500 1850 theto,

218 1872 269 1918 &
285 1870 621 1935 protegentibus
637 1870 782 1934 regiis.
803 1868 983 1932 Insignis
1001 1869 1050 1914 &
1069 1866 1202 1929 ipsius
1223 1882 1370 1930 pugna
1391 1864 1500 1923 fuit,

221 1962 325 1992 cum
356 1946 488 2008 pedes
511 1945 628 1992 inter
654 1944 824 2008 equites
844 1943 1022 1990 coafitus
1050 1941 1153 1988 ess'et
1177 1941 1391 2004 proelium
1417 1940 1502 1987 ini·

220 2035 284 2067 re.
322 2020 424 2067 dein
445 2057 458 2078 ,
494 2036 597 2067 cum
633 2017 723 2080 jam
755 2017 898 2080 impar
939 2029 1162 2064 certamen
1199 2013 1334 2072 effet,
1368 2014 1502 2061 cade-

218 2104 409 2155 rentque
435 2093 555 2140 circa
585 2110 686 2139 eum
712 2091 868 2150 multi,
889 2093 937 2138 &
962 2090 1328 2146 vulnerarentur,
1349 2100 1504 2151 raptus

219 2166 274 2213 ab
312 2166 427 2224 suis,
463 2180 594 2230 atque
625 2165 751 2213 alteri
771 2182 890 2228 equo
926 2163 1143 2225 injei‘tus,
1180 2160 1307 2224 fugit.
1343 2164 1410 2208 Eo
1432 2160 1503 2207 die

223 2240 362 2287 castra
381 2241 581 2304 quinque
601 2239 740 2286 millia
762 2239 959 2302 paffuurn
985 2239 1039 2284 ab
1057 2237 1165 2283 urbe
1183 2237 1395 2281 Eleorum
1420 2251 1447 2295 p
1432 2249 1502 2278 o·

223 2312 322 2359 suit.
355 2311 536 2375 postero
567 2313 622 2358 ad
660 2313 802 2359 caste
794 2330 884 2358 um
920 2310 1149 2374 (pyrgum
1182 2305 1383 2370 vocant)
1417 2321 1501 2351 co*

224 2387 319 2450 pias
356 2403 513 2433 omnes
549 2387 734 2433 eduxit:
773 2403 865 2450 quo
898 2403 947 2448 ag
938 2385 1055 2441 rest
1061 2402 1135 2429 um
1170 2382 1504 2429 multitudinem

224 2474 327 2507 cum
347 2458 586 2523 pecoribus
605 2473 727 2511 metu
753 2457 1102 2524 populationum
1128 2454 1401 2519 compulsam
1426 2471 1504 2500 au-
