1628 2890
226 136 323 187 404
580 116 1145 170 T1T1L1V11

225 231 394 278 tiorum
413 228 650 277 cohortem
665 227 918 292 praefidium
931 228 1094 292 agitare
1110 227 1384 292 proditionis
1399 245 1511 278 con-

226 303 406 351 ciliator
436 301 751 360 nuntiaverat,
778 299 918 362 jubet.
950 302 1013 347 Ea
1042 301 1234 363 primum
1267 301 1328 348 est
1355 314 1514 364 captus

224 392 407 433 murus,
437 372 756 437 adjuvantibus
787 373 1195 438 recipientibusque
1221 373 1430 421 Bruttiis:
1460 375 1513 422 δᾶ

225 447 525 496 transcensum
546 447 592 494 in
617 447 775 494 urbem
796 446 870 495 est.
895 447 1000 493 inde
1025 449 1076 495 ὅ(
1098 446 1304 510 proxima
1326 447 1514 495 refrafia

223 533 356 586 porta
369 557 383 581 ,
403 533 454 568 ut
473 521 698 584 frequenti
714 519 892 584 agmine
912 520 1031 585 figna
1050 520 1334 569 inferrentur.
1361 524 1510 579 Tum,

224 595 425 643 clamore
451 594 624 641 sublato
640 629 655 653 ‚
678 594 757 642 sub
782 606 932 642 ortum
950 594 1088 641 ferme
1114 593 1225 641 lucis
1239 631 1253 654 ‚
1273 594 1401 641 nullo
1421 595 1511 642 ob-

223 667 305 717 vio
331 679 502 715 armato
519 703 531 723 ,
564 667 612 713 in
638 667 791 714 forum
818 668 1116 731 perveniunt:
1148 667 1395 732 omnesque
1421 685 1511 714 un-

223 741 393 806 dique,
425 740 504 805 qui
522 741 578 788 ad
603 757 751 788 arcem
780 752 1056 807 portumque
1075 741 1366 807 pugnabant,
1395 740 1444 787 in
1466 739 1511 788 se

222 826 572 866 converterunt.

276 890 404 936 XVI.
426 889 646 937 Proelium
664 888 712 936 in
732 889 854 937 aditu
868 886 958 937 fori
976 889 1146 953 majore
1166 889 1510 955 impetu,quam

219 962 556 1027 perseverantia
577 998 591 1022 ‚
628 963 910 1010 commissum
944 963 1018 1011 est.
1057 981 1154 1011 non
1189 963 1371 1023 animo,
1411 979 1513 1009 non

219 1037 386 1097 armis,
419 1053 515 1083 non
540 1047 633 1083 arte
661 1036 797 1094 belli,
818 1053 914 1083 non
931 1037 1092 1102 vigore
1112 1049 1187 1084 aut
1205 1037 1374 1085 viribus
1402 1053 1510 1086 cor-

221 1111 376 1174 poris,
405 1126 485 1173 par
517 1110 730 1156 Romano
760 1108 1034 1157 Tarentinus
1065 1124 1171 1157 erat.
1215 1110 1379 1174 Igitur,
1408 1110 1511 1174 pilis

221 1195 398 1232 tantum
430 1181 646 1243 conjeffis
665 1219 679 1242 ,
715 1181 840 1246 prius
868 1199 1024 1245 paene,
1057 1200 1193 1248 quam
1222 1183 1510 1230 consererent

222 1274 414 1317 manus,
444 1269 565 1320 terga
588 1256 828 1315 dederunt,
862 1256 1106 1320 dilapsique
1136 1273 1216 1320 per
1246 1268 1356 1303 nota
1385 1255 1509 1303 urbis

221 1329 385 1379 itinera
411 1330 457 1376 in
490 1329 585 1377 suas
613 1329 955 1393 amicorumque
983 1329 1160 1376 domos.
1195 1330 1308 1376 Duo
1340 1346 1399 1376 ex
1417 1329 1509 1374 'du-

221 1406 350 1455 cibus
370 1406 491 1452 Nico
526 1408 574 1453 &
589 1406 892 1452 Democrates
911 1403 1089 1451 fortiter
1106 1416 1356 1468 pugnantes
1386 1402 1507 1450 ceci-

223 1482 340 1528 dere.
377 1479 662 1525 Philemenus
680 1514 695 1537 ,
728 1478 807 1542 qui
833 1477 1108 1542 proditionis
1132 1479 1187 1525 ad
1214 1475 1509 1524 Hannibalem

220 1554 377 1601 auffior
397 1552 539 1598 fuerat
555 1587 569 1610 ,
601 1568 706 1598 cum
734 1550 874 1598 citato
903 1567 1025 1615 equo
1054 1567 1111 1597 ex
1136 1550 1302 1614 proelio
1326 1550 1509 1597 aveeus

220 1625 328 1672 'efi'et
342 1619 361 1681 3⁷
395 1641 535 1688 vagus
569 1619 706 1686 paulo
745 1622 848 1685 post
879 1639 1018 1687 equus
1051 1639 1205 1670 errans
1235 1638 1315 1685 per
1348 1621 1507 1668 urbem

221 1698 460 1763 cognitus3
499 1712 664 1760 corpus
684 1696 901 1759 nusquam
922 1695 1161 1743 inventurn
1183 1695 1256 1743 est.
1287 1693 1507 1743 creditum

222 1770 367 1835 vulgo
387 1770 448 1816 est
462 1805 475 1829 ‚
494 1769 540 1816 in
558 1781 742 1832 puteum
761 1779 961 1831 apertum
981 1784 1037 1814 ex
1058 1783 1177 1832 equo
1198 1764 1507 1829 praecipitaffe.

221 1845 547 1893 Carthalonem
581 1854 762 1902 autem,
798 1841 1056 1906 praesectum
1088 1839 1278 1904 praesidii
1314 1838 1506 1898 Punici,

223 1936 331 1969 cum
367 1915 806 1965 commemoratione
832 1914 1004 1978 paterni
1032 1912 1216 1977 hospitii
1248 1910 1402 1975 pofitis
1432 1927 1507 1958 ar-·.

219 1994 307 2041 mis
330 1994 589 2042 venientem
621 1991 677 2036 ad
700 1988 931 2036 consulem
947 2023 962 2046 ,
979 1987 1106 2033 miles
1124 1984 1294 2033 obvius
1315 1984 1505 2031 obtrun-

221 2079 309 2115 cat.
339 2066 428 2114 Alii
453 2066 565 2114 alios
584 2064 738 2128 paffim
758 2063 848 2110 fine
870 2062 1123 2112 discrimine
1141 2073 1359 2116 armatos,
1384 2059 1507 2105 incr-³

219 2156 340 2199 mes,
363 2139 565 2196 caedunt,
590 2134 974 2203 Carthaginienses
993 2132 1352 2195 Tarentinosque
1381 2129 1508 2193 pari-

220 2226 303 2261 ter.
339 2212 498 2259 Bruttii
528 2227 713 2275 quoque
734 2208 863 2257 multi
889 2206 1109 2256 interfeffl
1125 2242 1140 2265 ,
1165 2205 1240 2252 seu
1265 2220 1345 2267 per
1374 2219 1504 2249 erro-

219 2301 318 2333 rem
335 2317 349 2341 ‚
381 2283 455 2330 seu
482 2295 633 2331 vetere
661 2284 709 2330 in
737 2298 817 2330 eos
842 2281 975 2328 insito
996 2280 1106 2327 odio
1123 2314 1137 2336 ,
1164 2277 1238 2324 seu
1263 2277 1317 2322 ad
1342 2275 1502 2338 prodi-

220 2355 361 2404 tionis
380 2354 541 2402 famam
573 2354 654 2419 (ut
672 2354 722 2402 vi
738 2354 891 2416 potius
909 2364 1039 2414 atque
1059 2350 1191 2398 armis
1208 2360 1386 2411 captum
1405 2347 1502 2392 Ta-

218 2430 399 2482 rentum
420 2424 680 2491 videretur)
709 2425 1054 2491 exstiguendam.
1090 2423 1211 2471 Tum
1229 2423 1283 2469 ab
1304 2420 1423 2471 caede
1444 2418 1502 2468 ad
