1628 2890
220 144 796 191 HISTORIARUM
845 143 970 190 [ΑΒ.
1006 142 1171 190 XXV.
1279 156 1375 208 257

90 251 279 297 Badium
306 253 564 311 Campanum
587 250 636 295 T.
654 249 851 309 Quinft'io
875 248 1064 308 Crispino
1084 250 1278 295 Romano
1286 269 1370 311 pa-

90 326 201 379 lam,
229 325 389 368 duobus
410 323 652 367 exercitibus
673 322 959 377 audientibus,
983 323 1213 367 renuntiare
1229 324 1373 383 hospi·

91 400 212 444 tium.
255 400 385 443 Nihil
400 398 490 461 fibi
520 397 611 443 cum
640 414 684 443 eo
718 396 1023 456 consociatum,
1055 399 1169 443 nihil
1185 398 1375 456 foedera-

93 486 182 517 tum
211 472 312 534 lzcsti
342 479 433 516 cum'
458 472 589 537 lzoste,
617 471 737 526 cujus
750 472 936 529 patriam
964 488 1012 515 ac
1034 489 1205 530 penates
1224 475 1375 532 publi-

95 563 166 590 cos
184 546 446 605 privatosque
469 559 748 605 oppugnatum
768 543 946 607 verzifflt.
984 547 1034 590 Si
1054 548 1119 590 vir
1137 544 1226 608 effit
1239 579 1253 601 ‚
1273 567 1376 594 cou-

94 620 332 679 grederetur.
352 617 445 664 Diu
462 616 743 663 minitantem
763 615 1018 677 Crispinum
1034 620 1266 679 perpulere
1287 634 1378 669 tur·

99 689 264 747 males,
299 706 353 736 ne
381 690 563 751 impune
590 686 798 733 insultare
826 688 1108 749 Campanum
1139 703 1389 751 pateretur.-

98 760 254 823 itaque
282 773 457 807 tantum
486 771 713 815 moratus,
749 760 853 804 dum
888 759 1180 820 imperatores
1216 767 1380 812 consu-

102 832 241 891 leret,
280 833 643 896 permitterentne
679 830 759 879 fibi
788 843 912 878 extra
948 832 1152 879 ordinem
1191 836 1237 882 in
1271 856 1381 900 pro-

101 920 348 954 vocantem
381 907 552 954 hostem
582 922 801 970 pugnare,
826 905 1031 967 permiffu
1068 923 1224 956 eorum
1260 929 1381 962 arma

103 980 250 1042 cepit,
279 997 536 1044 equumque
558 978 846 1038 conscendit,
877 980 928 1026 &
946 979 1128 1027 Badium
1150 1017 1164 1040 ,
1197 988 1382 1036 nomine

105 1053 384 1115 compellans
406 1089 420 1109 ‚
456 1053 510 1099 ad
542 1069 737 1115 pugnam
768 1051 999 1099 evocavit.
1035 1054 1172 1100 Nulla
1202 1074 1329 1106 mora
1359 1081 1384 1109 a

106 1126 340 1185 Campano
361 1124 471 1170 faeta
488 1122 561 1169 est.
586 1122 754 1168 infestis
777 1122 901 1186 equis
923 1140 1261 1176 concurrerunt.
1282 1132 1386 1178 Cri-

107 1197 259 1260 spinus
287 1197 413 1260 supra
436 1196 607 1244 scutum
631 1195 848 1242 sinistrum
876 1196 1112 1244 humerum
1140 1202 1279 1250 Badio
1308 1207 1386 1253 ha-

108 1270 171 1317 sta
199 1269 449 1328 transfixit,
478 1269 699 1331 superque
730 1268 954 1330 delapsum
986 1287 1089 1318 cum
1119 1275 1306 1324 vulnere
1328 1296 1387 1327 ex

107 1359 232 1406 equo
267 1342 469 1399 defflust,
509 1354 558 1387 ut
590 1340 721 1402 pedes
751 1340 967 1401 jacentem
1001 1344 1259 1396 conficeret.
1302 1353 1389 1398 Ba-

112 1419 235 1474 dius,
268 1415 523 1479 priusquam
551 1415 909 1477 opprimeretur,
936 1433 1085 1478 parma
1111 1431 1241 1482 atque
1267 1439 1390 1481 equo

113 1492 296 1546 relieto,
316 1490 370 1535 ad
398 1489 498 1535 suos
524 1488 710 1551 aufugit.
744 1488 1193 1553 Crispinus‚equum
1210 1529 1225 1550 ,
1248 1483 1390 1544 arma-

115 1581 203 1628 que
235 1574 393 1624 capta,
413 1564 461 1609 &
494 1573 722 1608 cruentam
759 1561 982 1624 cuspidem
1014 1563 1196 1627 infignis
1234 1568 1390 1632 spoliis

116 1635 374 1690 ostentans,
411 1649 514 1679 cum
544 1649 701 1695 magna
731 1632 859 1679 laude
892 1635 942 1681 &
976 1635 1275 1697 gratulatione
1307 1645 1394 1689 mi..

116 1707 280 1765 litum,
314 1706 368 1752 ad
400 1705 602 1752 consules
638 1706 699 1752 est
733 1706 973 1766 deductus,
1008 1707 1295 1776 laudatusque
1331 1716 1396 1764 ibi

119 1779 387 1844 magnifice,
417 1781 465 1825 &
495 1779 626 1825 donis
653 1779 859 1827 donatus.

185 1854 314 1900 XtX.
345 1851 568 1898 Hannibal
602 1868 657 1897 ex
693 1868 802 1915 agro
824 1854 1146 1902 Beneventano
1174 1856 1309 1905 castra
1342 1861 1398 1906 ad

120 1929 323 1990 Capuam
355 1943 457 1972 cum
484 1925 717 1983 movisset,
746 1926 881 1972 tertio
902 1927 1000 1989 post
1028 1928 1128 1987 die,
1157 1947 1400 1992 quamve·-

125 2001 218 2057 nit,
239 1997 390 2060 copias
409 1999 456 2042 in
477 1997 615 2044 aciem
639 1998 815 2045 eduxit:
848 1998 1186 2062 haudquaquam
1207 2003 1396 2063 dubius,

126 2074 252 2138 quod
273 2072 542 2133 Campanis,
570 2070 747 2117 absente
775 2071 845 2128 se,
882 2089 1050 2134 paucos
1078 2086 1178 2121 ante
1209 2076 1300 2132 dies
1336 2079 1402 2125 se-

129 2149 276 2199 cunda
310 2147 457 2194 fuifi'et
484 2163 657 2209 pugna,
693 2146 800 2208 quin
829 2146 971 2193 multo
999 2146 1145 2194 minus
1179 2148 1222 2195 se
1252 2150 1404 2199 suum-

129 2241 216 2288 que
252 2222 387 2268 toties
420 2221 642 2268 vifiorem
680 2220 924 2267 exercitum
963 2221 1170 2268 sustinere
1208 2224 1405 2277 Romani

130 2297 320 2364 possent.
357 2297 597 2354 Ceterum,
619 2295 854 2359 postquam
882 2297 1070 2359 pugnari
1092 2309 1294 2361 coeptum
1319 2300 1404 2359 est,

133 2371 333 2433 equitum
352 2369 543 2415 maxime
565 2368 771 2428 incursu,
800 2385 901 2416 cum
926 2368 1082 2430 jaculis
1114 2371 1406 2431 obrueretur,

135 2442 367 2493 laborabat
395 2443 599 2511 Romana
635 2442 775 2490 acies:
809 2442 956 2490 donec
991 2441 1160 2505 signum
1183 2445 1407 2509 equitibus·

193 2521 243 2567 T.
267 2520 361 2565 Liv.
387 2520 485 2565 Vol.
510 2518 596 2566 IV.
1114 2516 1154 2560 R
