1628 2890
235 126 326 188 248
596 126 1163 174 T1T1L1V11

237 236 402 294 Poeni,
437 235 535 295 sed,
567 245 616 282 ut
647 235 811 298 quibus
845 234 975 282 locus
1006 234 1183 299 aequior
1209 235 1343 293 effet,
1377 234 1528 284 detur-

237 311 347 358 bant
367 310 558 357 nitentes
577 326 655 372 per
683 310 820 356 ardua
840 308 1002 356 hostes.

314 386 440 432 XtV.
481 383 606 431 Vicit
648 395 796 430 tamen
835 383 992 430 omnia
1025 382 1232 446 pertinax
1268 383 1444 443 virtus,
1479 385 1532 433 &

235 457 412 521 aliquot
436 456 564 504 fimul
589 457 787 519 partibus
816 457 871 503 ad
899 456 1070 503 vallum
1091 473 1142 502 ac
1168 456 1299 505 foffas
1327 475 1529 521 perven-

234 543 332 577 tum
354 529 440 585 est3
468 529 540 576 sed
561 547 663 577 cum
683 529 836 577 multis
858 528 1121 576 vulneribus
1142 545 1193 576 ac
1217 529 1408 576 militum
1430 547 1531 593 per-

237 604 371 651 nicie.
402 606 556 666 Itaque
587 601 860 650 convocatis
888 601 1083 648 tribunis
1111 601 1303 648 militum
1337 602 1530 663 consul,

236 681 507 746 absistendum
541 682 751 725 temerario
783 681 969 739 incepto,
995 676 1079 724 ait:
1102 681 1232 724 tutius
1248 678 1337 742 fibi
1364 682 1528 735 videri,

237 756 376 802 reduci
398 772 442 799 eo
472 755 538 799 die
559 754 777 798 exercitum
797 753 1074 797 Beneventum
1097 768 1114 796 .·
1151 753 1247 796 dein
1275 752 1430 814 postero
1457 771 1534 798 ca-

223 830 327 895 stris
348 829 398 889 fi
426 829 601 893 hostium
626 827 784 888 jungi,
819 845 867 871 ηε
900 828 1009 870 exire
1041 826 1139 870 inde
1174 828 1406 886 Campani,
1436 845 1533 872 neve

239 905 406 950 Hanno
437 906 591 965 regredi
603 900 745 966 poffec.
780 903 836 946 Id
859 919 936 961 quo
951 899 1134 958 facilius
1160 900 1420 957 obtineatur,
1445 904 1534 946 col-

239 985 373 1042 legam
391 998 546 1041 quoque
568 976 611 1024 δ’
630 980 846 1024 exercitum
873 976 965 1033 ejus
983 975 1033 1034 fi
1056 976 1280 1020 acciturum
1293 1009 1307 1031 ,
1325 990 1533 1037 totumque

240 1072 285 1100 co
305 1054 493 1114 versuros
514 1055 678 1097 bellum.
710 1051 809 1095 haec
829 1046 1015 1096 consilia
1042 1046 1191 1103 ducis,
1213 1063 1316 1093 cum
1341 1045 1428 1107 jam
1458 1060 1535 1094 re-'

242 1124 394 1188 ceptui
428 1135 629 1180 caneret,
664 1122 836 1169 clamor
865 1119 1058 1167 militum
1082 1119 1414 1182 aspernantium
1442 1132 1535 1167 tam

240 1196 372 1259 segne
401 1196 641 1258 imperium
680 1193 868 1256 disjecit.
904 1192 1119 1239 Proxima
1158 1203 1303 1254 portae
1336 1191 1536 1240 hostium

241 1280 337 1316 erat
367 1269 538 1317 cohors
572 1268 784 1331 Peligna:
820 1265 945 1328 cujus
979 1263 1213 1328 praefectus
1244 1263 1407 1312 Vibius
1439 1267 1536 1312 Ac-

242 1359 396 1389 cuaeus
416 1354 640 1405 arreptum
660 1340 882 1388 vexillum
900 1351 1022 1385 trans
1043 1337 1210 1385 vallum
1233 1336 1427 1384 hostium
1447 1349 1538 1385 tra-

242 1417 364 1481 jecit.
395 1415 658 1464 Exsecratus
695 1415 801 1461 inde
835 1413 968 1477 seque
1000 1413 1051 1460 &
1082 1411 1352 1467 cohortem,
1375 1411 1406 1458 fi
1440 1411 1537 1473 ejus
1563 1433 1566 1435 ·

242 1491 405 1540 vexilli
430 1491 578 1539 hostes
596 1487 732 1554 potiti
752 1489 889 1537 effent
905 1525 918 1548 ,
942 1486 1152 1550 princeps
1175 1485 1266 1549 ipse
1285 1502 1363 1548 per
1378 1485 1537 1534 foffam

244 1562 509 1626 vallumque
536 1563 582 1610 in
605 1563 743 1610 castra
761 1561 982 1624 irrumpit.
1016 1561 1201 1623 Jamque
1227 1558 1342 1604 intra
1367 1558 1536 1606 vallum

243 1636 416 1699 Peiigni
443 1638 724 1701 pugnabant,
745 1653 849 1684 cum
870 1636 1005 1682 altera
1024 1645 1176 1697 parte,
1196 1632 1382 1679 Valerio
1405 1631 1536 1679 Flac-

245 1725 304 1755 co
341 1709 527 1756 trib-uno
566 1709 761 1756 militum
802 1708 945 1755 tertiae
992 1705 1182 1770 legionis
1234 1705 1539 1768 exprobrante

243 1781 466 1828 Romanis
486 1782 712 1845 ignaviam
729 1819 741 1841 ,
765 1782 842 1846 qui
865 1780 996 1828 sociis
1016 1791 1255 1843 captorum
1286 1778 1537 1826 castrorum

244 1855 551 1902 concederent
583 1855 718 1902 decus
734 1891 747 1913 ‚
776 1856 832 1901 T.
856 1852 1102 1911 Pedanius,
1131 1852 1341 1915 princeps
1363 1851 1534 1914 primus

243 1928 452 1976 centurio
469 1966 483 1987 ,
506 1947 609 1977 cum
632 1929 843 1994 signifero
865 1929 1037 1993 signum
1068 1926 1323 1984 ademisset,
1341 1927 1441 1973 Jam
1461 1928 1538 1972 lzoc

231 2002 406 2067 fignum
421 2038 435 2057 ,
456 2001 498 2049 δ’
516 2005 580 2049 lzic
603 2006 812 2058 centurio,
834 2000 1011 2065 inquit,
1037 2003 1148 2047 intra
1180 2004 1339 2046 vallum
1365 2000 1540 2062 hostium

246 2079 335 2121 erit.
367 2080 628 2137 Sequuntur,
661 2079 732 2138 qui
760 2078 855 2138 capi
880 2076 1044 2139 figmcm
1075 2077 1128 2120 ab
1159 2074 1263 2139 hoste
1284 2073 1539 2134 prohibituri

235 2148 355 2207 sunt.
382 2149 686 2212 Manipulares
707 2148 772 2196 sui
803 2147 1000 2211 primum
1031 2144 1415 2193 transcendentem
1443 2141 1540 2189 fos-

247 2218 365 2278 sam,
386 2220 489 2267 dein
521 2222 642 2285 legio
673 2234 771 2269 tota
803 2221 948 2269 secuta
968 2219 1045 2267 est.
1074 2220 1166 2266 Jam
1200 2220 1251 2267 &
1279 2215 1460 2273 consul,
1482 2215 1540 2262 ad

247 2292 539 2355 conspectum
569 2293 985 2357 transgredientium
1014 2291 1185 2339 vallum
1215 2301 1389 2337 mutato
1422 2305 1540 2337 con-

246 2364 379 2423 filio,
414 2365 468 2413 ab
505 2367 773 2415 revocando
807 2367 863 2413 ad
900 2365 1156 2421 incitandos
1198 2361 1537 2426 hortandosque

247 2435 399 2492 ‚versus
423 2437 618 2501 milites,
647 2439 909 2501 ostendere,
927 2438 975 2487 in
1005 2449 1179 2503 quanto
1212 2434 1466 2488 discrimine
1484 2449 1539 2484 ac
