1628 2890
197 179 794 233 HisToRmRUM
828 174 1202 223 LIB.XX1V.
1278 184 1360 236 171

83 295 186 346 cani
206 331 220 353 ‚
255 308 418 340 nucem
452 290 500 336 in
528 287 703 334 Sabinis
728 285 1047 350 publicamque
1080 281 1201 330 viam
1220 298 1372 342 ‚rmu-

84 386 188 416 rum
218 377 269 414 ac'
289 377 470 428 portam
499 361 671 409 Gabiis.
709 361 802 407 Jam
837 358 925 405 alia
955 357 1142 421 vulgata
1161 355 1374 402 miracula

85 452 233 488 erant:
264 440 430 488 hastam
451 435 609 482 Martis
637 431 855 479 Praeneste
884 431 956 477 sua
990 430 1149 493 sponte
1182 445 1374 492 promo-

86 529 201 562 tam:
233 514 404 562 bovem
426 511 473 557 in
500 507 650 556 Sicilia
669 507 904 567 locutum:
935 503 1152 550 infantem
1172 502 1218 549 in
1241 513 1375 549 utero

86 588 240 637 matris
272 589 319 634 in
357 577 661 640 Marrucinis,
698 584 747 628 Io
785 578 1015 640 triumphe!
1051 576 1281 625 clamass‘e:
1319 592 1376 622 ex

86 661 274 709 muliere
312 658 483 724 Spoleti
524 656 676 703 virum
720 653 914 700 saelum:
957 651 1135 698 Hadriae
1172 667 1291 697 aram
1327 649 1375 696 in

80 734 212 782 rcoelo
228 770 242 791 ‚
268 731 521 795 speciesque
540 728 781 775 hominum
805 725 977 773 circum
997 741 1118 783 eam,
1147 741 1250 771 curn
1267 739 1377 770 can-

84 807 185 854 dida
209 806 331 854 veste
346 842 359 862 ,
383 803 501 852 visas
532 802 631 849 effe.
666 800 795 861 Quin
822 799 985 845 Romae
1004 812 1191 860 quoque
1211 795 1259 842 in
1283 795 1376 859 ipsa

85 881 200 924 urbe
216 914 231 937 ,
262 877 502 924 secundum
527 890 661 938 apum
687 888 874 919 examen
903 870 951 916 in
981 868 1089 916 foro
1109 867 1286 925 visum,
1308 867 1376 914 af-

85 950 314 997 firmantes
343 949 525 1013 quidam
543 984 557 1007 ,
594 946 798 1010 legiones
830 943 874 990 se
903 953 1090 990 armatas
1118 939 1165 986 in
1193 939 1376 987 Janicus-

85 1026 135 1071 lo
169 1024 352 1082 videre,
388 1022 736 1070 concitaverunt
765 1017 999 1066 civitatem
1031 1015 1087 1060 ad
1113 1030 1260 1060 arma:
1294 1013 1377 1076 qui

87 1112 186 1146 tum
210 1097 257 1144 in
287 1096 491 1145 Janiculo
521 1095 680 1149 client,
721 1102 969 1156 negarunt,
994 1103 1256 1153 quenquam
1284 1085 1374 1143 ibi,

86 1183 250 1236 praeter
266 1170 456 1217 affuetos
478 1167 608 1217 collis
625 1166 718 1228 ejus
742 1165 964 1221 cultore5‚
985 1159 1246 1225 apparuisse.
1264 1158 1376 1204 Haec

87 1242 296 1307 prodigia
323 1241 478 1288 hostiis
510 1240 758 1303 majoribus
791 1248 1033 1301 procurata
1062 1233 1165 1281 sunt
1192 1248 1248 1278 ex
1274 1247 1387 1277 aru-.

88 1319 262 1383 spicum
299 1315 549 1379 responso:
587 1317 636 1362 δέ
673 1310 940 1376 supplicatio
976 1307 1190 1356 omnibus
1228 1304 1378 1362 Deis,

87 1407 287 1457 quorum
314 1388 567 1453 pulvinaria
590 1389 752 1433 Romae
783 1385 921 1432 effent
937 1420 952 1442 ,
980 1381 1142 1428 indicia
1168 1379 1245 1426 est.

154 1465 236 1511 XI.
267 1462 562 1526 Perpetratis,
597 1477 699 1523 quae
730 1458 784 1504 ad
815 1473 970 1520 pacem
991 1453 1146 1501 Deum
1173 1452 1376 1515 pertine-

90 1539 226 1595 bant,
258 1536 311 1582 de
331 1534 562 1598 republica
591 1532 806 1594 belloque
836 1528 1060 1592 gerendo,
1088 1527 1137 1575 &
1157 1535 1374 1588 quantum

91 1609 353 1673 copiarum,
386 1609 438 1655 &
464 1607 542 1653 ubi
578 1619 770 1668 quaeque
799 1602 968 1657 essent,
995 1598 1200 1647 consules
1230 1599 1283 1644 ad
1308 1595 1377 1642 se-

93 1693 244 1729 natum
272 1679 538 1726 retulerunt.
568 1671 908 1737 Duodeviginti
934 1670 1187 1734 legionibus
1210 1668 1376 1716 bellum

88 1755 184 1819 geri
209 1753 398 1818 placuit:
419 1752 545 1799 binas
573 1748 777 1798 consules
801 1747 881 1794 fibi
899 1745 1096 1792 sumere:
1128 1745 1245 1792 binis
1264 1743 1377 1790 Gal-

90 1829 222 1886 liam,
245 1827 532 1890 Siciliamque
550 1862 564 1884 ,
599 1841 650 1871 ac
673 1822 923 1869 Sardiniam
944 1819 1168 1867 obtineri:
1193 1816 1377 1865 duabus-

90 1918 177 1966 que
209 1903 269 1961 Q.
297 1900 482 1947 Fabium
514 1911 755 1962 praetorem
795 1895 1000 1958 Apuliae,
1031 1893 1204 1940 duabus
1239 1891 1379 1939 volo·-

91 1995 201 2024 num
234 1976 308 2023 Ti.
340 1975 601 2023 Gracchum
630 1973 748 2021 circa
775 1971 1011 2019 Luceriam
1037 1969 1246 2033 praeeffe:
1287 1967 1377 2012 sm-

97 2051 219 2116 gulas
254 2051 310 2098 C.
335 2049 554 2098 Terentio
589 2045 854 2110 proconsuli
883 2045 938 2091 ad
965 2043 1208 2099 Picenum,
1240 2042 1290 2087 &
1312 2041 1377 2086 M.

94 2125 280 2172 Valerio
308 2124 364 2170 ad
398 2123 572 2171 claffem
604 2121 723 2169 circa
752 2118 1034 2166 Brundisium
1063 2115 1288 2179 relinqui,
1323 2116 1374 2161 δε

92 2198 199 2244 duas
231 2196 332 2243 urbi
352 2195 559 2260 praesidio
592 2194 690 2241 effe.
721 2194 806 2240 Hic
835 2209 885 2240 ut
905 2207 1118 2239 numerus
1142 2190 1376 2253 legionum

94 2271 350 2335 expleretur
371 2306 386 2329 ‚
429 2269 504 2317 sex
541 2286 682 2317 novae
713 2267 914 2331 legiones
955 2277 1082 2312 erant
1116 2263 1375 2312 scribendae.

94 2363 166 2393 eas
189 2347 338 2409 primo
364 2362 551 2411 quoque
570 2356 777 2408 tempore
802 2342 1007 2391 consules
1036 2340 1223 2388 scribere
1254 2337 1375 2400 juffi‚

96 2420 145 2466 &
175 2419 352 2465 clafl'em
382 2435 565 2482 parare:
600 2431 651 2465 ut
677 2435 778 2465 cum
809 2417 871 2463 eis
901 2415 1094 2462 navibus
1112 2450 1126 2471 ,
1155 2429 1255 2477 quae
1291 2426 1375 2472 pro

94 2489 314 2538 Calabriae
343 2490 554 2538 litoribus
581 2490 628 2537 in
649 2490 837 2538 statione
856 2488 991 2535 ess'ent
1006 2522 1020 2546 ,
1039 2497 1216 2534 centum
1245 2482 1375 2545 quin-
