1628 2890
222 141 312 189 180
583 140 1165 190 'T1T1L1V11

213 249 410 315 graviter
435 248 496 296 est
522 248 576 295 ab
605 246 790 295 consule
812 246 1081 310 increpitus,
1101 259 1152 295 ut
1180 264 1260 311 per
1289 264 1390 294 eum
1416 247 1498 296 ste⁴

211 323 308 371 tiffe
340 322 505 369 diceret
522 356 536 379 9
557 338 654 385 quo
679 320 829 367 minus
857 331 1041 383 accept-a
1070 322 1125 367 ad
1144 323 1323 370 Cannas
1344 323 1496 370 redde=

211 410 335 445 retur
354 394 474 441 hosti
503 394 660 442 clades.
695 393 882 440 Postero
910 394 981 440 die
1011 395 1246 442 Romanus
1277 395 1324 442 in
1355 395 1494 443 aciem

210 467 438 515 descendit
458 485 468 514 :
490 467 683 524 Poenus,
702 466 838 512 tacita
862 465 996 512 etiam
1018 465 1299 514 confeffione
1318 468 1463 515 vistus
1479 504 1495 525 ‚

211 538 364 587 castris
394 537 438 585 se
470 538 627 585 tenuit.
651 537 813 584 Tertio
837 537 908 584 die
937 537 1117 584 silentio
1147 539 1495 598 no&is‚‘omiffa

209 611 286 674 spe
307 610 441 658 Nolae
472 609 729 674 potiundae,
759 609 823 656 rei
842 626 1071 673 nunquam
1106 610 1316 673 prospere
1348 623 1494 659 tenta-

210 700 293 743 tae,
321 685 570 731 Tarentum
596 684 652 731 ad
678 683 919 732 certiorem
938 683 1060 748 spem
1090 683 1363 749 proditionis
1380 703 1496 751 pro-

210 757 440 807 ficiscitur.²

276 833 444 880 XVIII.
479 832 575 880 Nec
603 832 784 880 minore
821 832 973 880 animo
1006 848 1077 880 res
1103 830 1309 880 Romana
1343 832 1496 891 domi,

210 922 347 971 quam
374 905 573 964 milit-iae,
595 907 842 971 gerebatur,
870 905 1091 954 Censores
1109 941 1124 965 ‚
1146 906 1282 955 vacui
1309 906 1362 952 ab
1380 923 1494 970 ope·-

210 997 314 1028 rum
335 979 633 1027 locandorum
660 996 764 1028 cura
778 1017 792 1039 ,
812 993 1000 1045 propter
1021 980 1224 1044 inopiam
1244 980 1388 1028 aerarii
1403 1016 1418 1039 ,
1440 980 1496 1027 ad

210 1069 360 1102 mores
401 1053 640 1100 hominum
681 1054 903 1118 regendos
939 1054 1139 1102 animum
1176 1054 1496 1115 adverterunt,

209 1127 546 1192 castigandaque
560 1127 696 1185 vitia;
712 1145 813 1191 quae
824 1164 838 1186 ‚
854 1128 981 1175 velut
997 1126 1178 1174 diutinis
1193 1126 1365 1173 morbis
1381 1143 1495 1190 aegra

209 1216 409 1266 corpora
432 1218 489 1248 ex
517 1200 558 1247 se
595 1200 816 1265 gignunt,
845 1213 947 1247 nata
972 1200 1095 1247 bello
1121 1215 1259 1248 erant.
1295 1199 1494 1246 Primum

206 1292 289 1323 eos
316 1274 598 1331 citaverunt,
620 1273 697 1335 qui
726 1273 826 1336 post
854 1272 1136 1320 Cannensem
1159 1290 1356 1338 pugnam
1374 1289 1493 1320 rem-

208 1346 433 1410 publicam
456 1345 709 1404 deseruisse,
730 1345 943 1410 Italiaque
971 1345 1194 1393 exceffiffe
1222 1345 1337 1393 velle
1370 1345 1493 1393 dice-

208 1422 383 1467 bantur.
411 1419 618 1482 princeps
641 1435 801 1466 eorum
829 1420 878 1465 L.
899 1417 1109 1466 Caecilius
1137 1417 1343 1464 Meteilus
1367 1433 1491 1481 quae-2
1547 1454 1550 1456 .

209 1491 302 1538 stor
320 1503 415 1537 tum
442 1490 559 1537 forte
578 1502 685 1537 erat.
715 1490 834 1538 Juffo
855 1488 1015 1536 deinde
1035 1505 1092 1536 eo
1114 1488 1356 1552 ceteri-sque
1374 1487 1493 1551 ejus-

207 1564 311 1611 dem
338 1579 474 1609 noxae
491 1563 577 1611 reis
607 1562 782 1611 causam
803 1562 949 1609 dicere
963 1597 978 1620 ‚
997 1578 1099 1609 cum
1122 1561 1299 1625 purgari
1317 1560 1492 1625 nequis-

208 1636 334 1695 sent,
356 1637 734 1701 pronuntiarunt,
765 1635 905 1682 verba
928 1635 1273 1698 orationemque
1305 1650 1384 1681 eos
1415 1635 1489 1681 ad—

207 1710 363 1758 versus
382 1709 701 1773 rempublicam
722 1707 918 1755 habuisse
931 1742 947 1767 ,
972 1724 1067 1771 quo
1087 1706 1345 1769 conjuratio
1370 1707 1491 1754 dese-—

206 1783 358 1830 rendae
384 1784 520 1830 Italiae
540 1783 665 1831 causa
685 1781 825 1829 fieret.
843 1781 1097 1829 Secundum
1120 1797 1197 1828 eos
1217 1781 1337 1828 citati
1356 1780 1488 1828 nimis
1505 1806 1507 1810 .

206 1857 358 1905 callidi
378 1857 646 1905 exsolvendi
676 1855 967 1919 jurisjurandi
996 1855 1286 1918 interpretes.
1310 1855 1386 1918 qui
1418 1872 1489 1902 ca-

203 1929 472 1992 ptivorum,
492 1947 547 1977 ex
569 1929 729 1976 itinere
752 1928 929 1992 regreffi
952 1927 1099 1976 clam
1088 1945 1134 1973 m
1155 1926 1293 1974 castra
1314 1927 1488 1974 Hanni-

205 2004 319 2052 balis
329 1998 986 2083 ‚solutum,quodjuraverant
1002 2001 1248 2060 redituros,
1264 2003 1488 2048 rebantur,

205 2076 287 2123 His
307 2076 694 2140 superioribusque
714 2076 801 2123 illis
826 2076 932 2140 equi
951 2075 1137 2133 ademti,
1156 2075 1231 2138 qui
1255 2074 1487 2137 publicum

203 2165 370 2211 equum
400 2151 623 2197 habebant
642 2169 652 2197 :
671 2151 883 2213 tribuque
909 2148 1050 2207 moti,
1071 2148 1213 2194 aerarii
1242 2163 1399 2194 omnes
1418 2145 1487 2193 fa-

204 2222 276 2268 ffi.
296 2223 453 2285 Neque
474 2222 624 2269 senatu
645 2224 786 2269 modo
804 2235 879 2269 aut
899 2221 1087 2284 equestri
1109 2220 1269 2267 ordine
1289 2221 1487 2282 regendo

205 2310 311 2340 cura
339 2293 381 2339 se
416 2293 652 2340 censorum
677 2294 836 2340 tenuit.
873 2294 1059 2339 nomina
1091 2293 1296 2339 omnium
1326 2308 1382 2337 ex
1414 2290 1487 2352 jue

204 2364 387 2410 niorum
409 2364 572 2410 tabulis
596 2359 935 2426 efreerpserunt..
960 2363 1037 2426 qui
1061 2362 1356 2425 quadriennio
1388 2378 1481 2408 non

205 2435 481 2495 militassent,
503 2437 662 2501 quibus
685 2453 831 2501 neque
854 2437 1032 2486 vacatio
1060 2435 1173 2495 justa
1193 2435 1390 2495 militiae,
1408 2451 1485 2482 ne-
