1628 2890
202 123 297 199 246
558 132 1124 183 T1T1L1v11

198 250 385 303 auratis,
408 248 579 291 Latonae
613 247 712 290 bove
733 243 902 303 semina
938 256 1100 290 aurata.
1137 242 1291 288 Ludos
1320 251 1488 304 praetor

202 317 249 364 in
272 319 395 365 circo
422 316 625 362 maximo
654 331 754 361 cum
780 313 974 361 faelurus
993 314 1098 360 effet
1113 350 1125 371 ‚
1144 313 1313 377 eduin,
1333 324 1382 358 ut
1401 329 1491 375 po-

201 391 335 453 pulus
357 406 434 452 per
457 404 535 434 eos
554 388 685 434 ludos
702 388 858 450 stipem
879 386 1110 450 Apollini,
1133 399 1341 449 quantam
1362 403 1491 433 com-

202 465 395 511 modum
434 465 567 522 effet,
595 463 838 511 conferret.
872 465 985 510 Haec
1018 462 1080 508 est
1115 463 1248 526 origo
1277 463 1491 509 ludorum

202 539 538 601 Apollinarium
554 574 568 596 ‚
594 538 821 595 metm-iae,
843 554 939 584 non
964 537 1262 594 valetudinis,
1281 554 1412 600 ergo,
1442 549 1493 584 ut

203 604 409 675 plerique
444 623 622 669 rentur,
662 627 883 659 votorum
923 610 1247 672 faetorumque.
1294 609 1492 672 populus

206 696 454 745 coronatus
474 683 716 746 speetavit:
743 675 964 730 matronae
983 682 1290 746 supplicavere
1311 699 1322 728 :
1347 682 1495 746 vulgo

207 756 372 818 apertis
391 753 537 818 januis
561 757 607 802 in
625 756 873 819 propatulis
892 756 1060 818 epulati
1081 755 1209 814 sunt,
1230 755 1495 819 celeberque

208 830 300 875 dies
328 830 454 875 omni
484 828 848 876 caerimoniarum
875 845 1037 893 genere
1066 828 1162 876 fuit.

274 905 393 950 XIII.
427 905 546 949 Cum
580 903 806 949 Hannibal
834 903 952 949 circa
972 904 1258 960 Tarentum,
1289 902 1496 950 consules

211 978 347 1024 ambo
375 976 420 1022 in
455 975 638 1021 Samnio
665 976 828 1034 efi'ent,
848 975 921 1021 sed
949 975 1269 1023 circumseffuri
1292 977 1497 1039 Capuam

211 1050 509 1102 viderenrur3
533 1047 657 1110 quod
687 1048 852 1094 malum
886 1048 1107 1094 diuturnae
1134 1048 1383 1095 obsidionis
1412 1041 1499 1096 effe

213 1121 324 1168 solet
341 1156 354 1178 ,
373 1119 459 1181 jam
481 1118 643 1164 famem
662 1119 882 1182 Campani
902 1120 1176 1176 sentiebant3
1197 1122 1302 1184 qnia
1325 1120 1501 1168 semen-

211 1211 302 1243 tem
320 1194 464 1241 facere
485 1193 808 1254 prohibuerant
831 1210 909 1239 eos
929 1193 1125 1239 Romani
1153 1193 1390 1241 exercitus.
1413 1197 1500 1240 Ita-

212 1287 301 1334 que
336 1269 506 1332 legatos
538 1267 592 1314 ad
624 1267 920 1315 Hannibalem
947 1265 1185 1324 miierunt,
1215 1278 1424 1325 orantes,
1451 1278 1502 1312 ut

213 1342 366 1405 prius,
389 1357 523 1420 quam
555 1337 798 1386 consules
789 1357 836 1385 m
867 1355 998 1402 agros
1030 1338 1131 1386 suos
1161 1339 1404 1387 educerent
1432 1340 1502 1386 le·-

212 1413 399 1478 giones,
419 1413 597 1475 viaeque
618 1428 776 1459 omnes
800 1411 996 1459 hostium
1022 1412 1234 1475 praesidiis
1254 1411 1501 1461 insideren-
1556 1432 1566 1436 ·’

212 1500 315 1545 tur,
337 1485 613 1531 frumentum
634 1502 689 1531 ev
660 1517 688 1531 2
717 1484 987 1550 propinquis
1017 1486 1130 1533 locis
1151 1486 1351 1534 convehi
1369 1485 1501 1548 jube-

214 1572 282 1607 ret
305 1561 524 1621 Capuam.
548 1559 798 1618 Hannibal,
820 1560 1091 1607 Hannonem
1111 1576 1167 1606 ex
1191 1558 1376 1606 Bruttiis
1397 1576 1502 1606 cum

215 1632 416 1679 exercitu
443 1631 490 1676 in
511 1632 806 1694 Campaniam
832 1633 1016 1679 transire
1032 1668 1046 1690 ‚
1082 1634 1132 1680 ὅ(
1154 1632 1257 1678 dare
1287 1647 1469 1694 operam
1484 1668 1502 1692 ‚

214 1721 270 1755 -ut
298 1707 515 1754 frumenti
541 1708 675 1771 copia
698 1707 823 1756 fieret
856 1708 1129 1772 Campanis,
1148 1706 1275 1771 juffit.
1307 1709 1506 1766 Hanno,

216 1799 275 1828 ex
297 1781 479 1828 Bruttiis
504 1781 732 1845 profeftus
760 1800 860 1830 cum
881 1782 1106 1840 exercitu,
1126 1781 1404 1829 vitabundus
1428 1797 1508 1827 ca·

217 1854 304 1901 stra
337 1853 531 1911 hostium
575 1855 896 1919 consulesque,
930 1855 1007 1917 qui
1038 1855 1085 1900 in
1122 1853 1307 1900 Samnio
1349 1865 1507 1910 erant,

218 1947 322 1976 cum
355 1931 622 1976 Benevento
649 1928 735 1990 jam
766 1928 1179 1991 appropinquaret,
1200 1925 1283 1972 tria
1306 1925 1507 1987 paffuum

217 2005 358 2050 millia
377 2005 431 2051 ab
462 2004 555 2066 ipsa
575 2003 685 2050 urbe
706 2004 814 2051 loco
835 2003 957 2049 edito
979 2002 1116 2050 castra
1134 2000 1299 2064 posuit.
1325 2000 1429 2046 inde
1448 2016 1507 2046 ex

220 2077 354 2124 sociis
385 2076 502 2125 circa
523 2077 725 2140 populis,
747 2093 840 2140 quo
863 2075 1007 2122 aestate
1030 2085 1366 2136 comportatum
1385 2084 1508 2131 erat,

218 2150 388 2196 devehi
416 2150 690 2197 frumentum
718 2151 766 2195 in
797 2147 1333 2210 castrajuffit3praes1cliis
1361 2147 1473 2193 daris
1492 2182 1508 2205 ,

217 2241 319 2286 quae
346 2239 624 2273 commeatus
652 2240 730 2270 eos
751 2223 1147 2286 prosequerentur.
1182 2222 1383 2282 Capuam
1402 2219 1508 2266 inde

214 2295 427 2341 nuntium
462 2295 607 2353 misit,
639 2302 727 2356 qua
753 2295 824 2340 die
857 2295 905 2340 in
939 2293 1083 2340 castris
1107 2293 1163 2338 ad
1192 2290 1506 2353 accipiendum

216 2369 496 2416 frumentum
544 2369 706 2431 praesto
747 2369 909 2425 effent,
942 2366 1070 2415 omni
1110 2366 1309 2429 undique
1344 2381 1506 2429 genere

214 2441 536 2490 vehiculorum
553 2440 955 2504 jumentorumque
973 2456 1029 2486 ex
1047 2438 1161 2503 agris
1185 2437 1436 2485 contraibo.
1456 2436 1508 2482 ld
