1628 2890
259 199 816 250 HISTORIARUM
857 199 984 246 LIB.
1027 197 1189 245 XXV.
1295 210 1380 260 251

101 316 156 362 ad
185 314 293 361 tales
325 312 462 361 casus.
494 310 670 359 Divisis
694 308 839 372 copiis
860 307 975 354 inter
997 306 1064 366 se,
1099 305 1233 352 duces
1253 303 1386 350 Poeni

101 404 203 435 cum
227 403 380 450 agrum
408 383 663 432 Thurinum
690 380 867 444 ingreffi
898 379 1062 437 efflent,
1088 380 1254 424 Hanno
1286 390 1389 422 cum

101 461 302 523 peditum
331 459 506 522 agmine
533 455 700 503 infestis
724 451 888 517 fignis
878 469 942 498 ire
971 453 1026 498 ad
1054 451 1210 497 urbem
1230 447 1390 511 pergit.

102 536 241 596 Mago
275 549 379 579 cum
416 529 643 594 equitatu,
672 527 813 573 regius
849 524 1064 582 collibus,
1095 525 1148 569 ad
1180 522 1392 587 tegendas

103 605 279 652 infidias
298 603 541 667 oppositis,
561 598 727 648 subsisti
714 611 760 646 t.
778 598 981 656 Atinius,
999 596 1199 660 peditum
1217 606 1393 641 tantum

103 679 281 743 agmine
302 696 380 741 per
399 677 706 740 exploratores
730 684 993 736 comperto,
1011 672 1057 717 in
1078 670 1216 719 aciem
1239 669 1394 732 copias

103 753 279 811 educit,
299 755 348 800 &
373 750 539 802 fraudis
560 747 780 795 intestinae
797 781 810 804 ‚
837 747 886 793 &
907 744 1102 791 hostium
1133 743 1394 791 insidiarum

104 826 302 889 ignarus.
324 824 525 872 Pedestre
558 821 774 885 proelium
797 818 883 865 fuit
904 817 1116 881 persegne
1133 854 1145 874 ,
1164 816 1315 880 paucis
1345 817 1392 863 in

107 899 251 961 prima
270 897 364 945 acie
390 894 690 960 pugnantibus
724 891 970 947 Romani53
993 890 1210 937 Thurinis
1240 889 1395 953 exspe-

108 970 328 1017 &antibus
357 969 519 1032 magis,
542 984 675 1032 quam
704 964 1055 1028 adjuvantibuS,
1073 974 1287 1011 eventum
1309 982 1320 1010 :
1343 964 1393 1010 &

108 1042 537 1106 Carthaginiensium
570 1039 685 1087 acies
719 1039 773 1085 de
796 1036 1009 1084 industria
1038 1036 1196 1100 pedem
1230 1034 1395 1082 refere-

108 1115 208 1173 bat,
226 1127 276 1161 ut
298 1114 353 1160 ad
380 1124 499 1176 terga
534 1111 665 1158 collis
685 1110 741 1157 ab
765 1109 916 1174 equite
949 1108 1030 1155 suo
1061 1107 1202 1155 inseffi
1220 1108 1394 1154 hostem

108 1191 337 1234 incautum
359 1184 649 1249 pertraheret.
684 1185 797 1243 Quo
823 1181 900 1228 ubi
922 1193 1109 1228 ventum
1129 1180 1190 1227 est
1206 1216 1219 1238 ‚
1242 1179 1395 1226 coorti

110 1276 214 1306 cum
242 1259 440 1306 clamore
468 1257 666 1320 equites,
687 1270 883 1318 propere
915 1252 1194 1300 inconditam
1228 1251 1397 1299 Thuri-

109 1349 276 1379 norum
300 1333 477 1379 turbam
494 1366 508 1389 ‚
533 1347 615 1377 nec
640 1329 738 1376 satis
758 1328 852 1376 fido
879 1328 1030 1375 animo
1047 1363 1059 1385 ‚
1082 1327 1202 1373 unde
1221 1343 1398 1389 pugna-

109 1406 207 1462 bat,
230 1404 446 1462 stantem,
468 1402 698 1464 extemplo
734 1402 781 1448 in
811 1401 961 1464 fugam
991 1407 1265 1448 averterunt.
1296 1400 1396 1445 Ro-

111 1475 264 1535 mani,
289 1492 544 1540 quanquam
583 1471 922 1521 circumventoS
955 1471 1065 1518 hinc
1095 1470 1256 1534 pedes,
1288 1469 1397 1523 hinc

111 1566 246 1613 eques
275 1550 459 1613 urgebat
475 1584 487 1606 ,
507 1561 656 1595 tamen
684 1545 957 1610 aliquamdiu
983 1561 1178 1609 pugnam
1205 1556 1399 1590 traxere.

114 1624 344 1688 postremo
365 1626 414 1672 δέ
434 1624 514 1686 ipsi
531 1635 652 1687 terga
673 1633 862 1671 vertunt
876 1658 890 1680 ‚
911 1637 1043 1685 atque
1069 1620 1124 1667 ad
1151 1619 1308 1666 urbem
1327 1617 1396 1664 fu·-

113 1697 252 1762 giunt.
284 1697 349 1744 Ibi
369 1697 627 1760 proditores
657 1695 953 1760 conglobati,
975 1711 1077 1741 cum
1106 1689 1399 1755 *popularium

115 1787 272 1834 agmen
298 1769 554 1834 patentibus
583 1769 729 1832 portis
754 1766 1042 1830 accepissent,
1063 1765 1140 1812 ubi
1168 1765 1401 1812 Romanos

52 1872 55 1874 -
116 1842 236 1890 fusos
255 1843 311 1889 ad
340 1843 497 1890 urbem
524 1841 633 1888 ferri
659 1840 897 1898 viderunt,
917 1839 1232 1895 conclamant,
1255 1837 1401 1902 instare
1434 1854 1437 1856 ’

114 1919 317 1973 Paenum,
340 1916 646 1977 permixtosque
679 1912 722 1961 G*
758 1915 884 1981 hostes
909 1915 1045 1958 urbem
1083 1911 1333 1972 invasuros,
1355 1908 1403 1952 ni

108 2007 277 2050 propere
299 2005 445 2050 portas
469 1990 682 2035 claudant.
711 1988 775 2032 Ita
801 1983 1005 2031 exclusos
1028 1985 1262 2029 Romanos
1291 1997 1403 2044 prae-

117 2061 254 2107 buere
287 2060 405 2106 hosti
432 2059 487 2105 ad
516 2057 699 2105 caedem.
727 2056 904 2103 Atinius
935 2067 1085 2101 tamen
1118 2071 1220 2101 cum
1248 2053 1403 2116 paucis

118 2144 342 2194 receptus.
384 2131 555 2178 Seditio
595 2131 699 2176 inde
733 2128 954 2192 paulisper
987 2126 1155 2183 tenuit3
1186 2143 1286 2174 cum
1331 2125 1408 2172 alii

117 2204 274 2250 urbem
309 2204 547 2259 tuendam,
574 2202 678 2256 inde
713 2201 789 2248 alii
823 2201 1071 2248 cedendum
1104 2199 1327 2258 fortunae‚
1355 2200 1406 2246 &

116 2274 374 2321 tradendam
412 2274 569 2321 urbem
598 2271 850 2321 vistoribus
887 2270 1134 2319 censerent.
1157 2278 1403 2328 'ceterum,

118 2363 171 2395 ut
199 2348 491 2411 plerumque,
513 2346 697 2393 fortuna
723 2345 774 2393 δέ
804 2345 990 2394 consilia
1021 2345 1135 2392 mala
1161 2345 1369 2392 vicerunt
1391 2361 1402 2389 z

117 2420 279 2468 Atinio
311 2438 418 2468 cum
444 2421 528 2468 suis
556 2421 614 2467 ad
639 2436 761 2467 mare
786 2436 838 2467 ac
862 2436 1000 2468 naves
1022 2419 1213 2466 dedufito
1229 2455 1244 2476 ‚
1265 2417 1405 2481 magis

117 2494 225 2558 quia
249 2493 353 2556 ipfi,
372 2493 435 2547 ob
462 2492 705 2556 imperium
732 2492 782 2539 in
807 2491 850 2538 se
871 2491 979 2539 mite
999 2508 1050 2539 ac
1080 2490 1273 2553 justum,
1293 2506 1402 2539 con·
