1628 2890
220 109 278 142 ω
563 89 1134 138 TtTllett

212 199 303 245 dux
323 197 674 258 adhortatorque
705 194 843 241 faetus
871 193 925 239 ad
946 209 1036 238 rem
1059 191 1323 255 gerendam,
1343 191 1394 238 &
1411 205 1500 237 non

212 290 272 320 va
296 273 348 319 de
375 272 550 333 integro
584 286 732 332 pugna
765 279 925 314 exorta
949 265 1040 321 est3
1063 282 1158 312 non
1190 264 1265 312 illa
1293 265 1499 312 ordinata

212 362 293 408 per
324 343 548 406 principes
581 340 862 403 hastatosque
895 357 947 386 ac
982 338 1293 397 triarios,‘nec
1330 351 1379 384 ut
1411 355 1500 400 pro

210 417 343 481 signis
374 414 674 478 antesignani,
701 413 800 476 post
833 413 953 476 signa
985 409 1069 456 alia
1100 421 1317 473 pugnaret
1349 409 1500 466 acie53

211 507 317 546 inec,
342 501 389 534 ut
408 488 454 534 in
485 487 557 534 sua
583 487 760 550 legione
782 484 935 542 miles,
961 496 1038 529 aut
1063 483 1283 541 cohorte,
1302 494 1377 529 aut
1404 500 1496 529 ma-

210 563 369 624 nipulo
389 563 505 608 effer.
526 564 635 608 Fors
657 559 928 623 conglobat,
949 560 999 605 Sc
1020 557 1194 603 animus
1213 555 1311 602 suus
1331 557 1497 620 cuique

208 646 310 679 ante
345 647 421 679 aut
448 632 548 695 post
579 631 806 695 pugnandi
838 629 1045 676 ordinem
1077 628 1237 674 dabat:
1261 627 1499 691 tantusque

207 707 295 754 fuit
316 710 450 754 ardor
470 725 701 754 armorum
721 741 734 762 ‚
763 706 875 751 adeo
896 703 1092 750 intentus
1113 720 1275 766 pugnae
1293 701 1463 748 animus
1480 737 1496 760 ‚

209 794 259 829 ut
288 799 391 829 eum
410 794 584 828 motum
612 793 772 836 terrae,
794 778 872 841 qui
892 778 1132 824 multarum
1157 773 1332 823 urbium
1359 777 1498 822 ltaliae

209 872 391 918 magnas
422 867 565 916 partes
596 850 1140 915 prostravit,avertitque
1177 849 1306 896 cursu
1337 849 1501 911 rapido

210 945 361 974 amnes
377 964 390 987 ,
411 944 530 973 mare
557 925 819 972 fluminibus
842 923 1021 970 invexit
1036 959 1049 980 ,
1077 935 1256 969 montes
1284 922 1407 986 lapsu
1425 910 1500 973 i‘ne,

208 1002 330 1066 genti
351 1001 530 1065 proruit
545 1037 558 1056 ,
580 1017 717 1047 nemo
744 999 1043 1063 pugnantium
1064 997 1256 1044 senserit.

291 1078 366 1122 VI.
401 1076 510 1121 Tres
533 1074 671 1120 ferme
702 1074 835 1119 horas
862 1085 1107 1136 pugnatum
1137 1070 1197 1117 est
1214 1107 1228 1126 ‚
1252 1071 1301 1116 ὃς
1323 1067 1500 1132 „ubique

208 1149 437 1196 atrociter.
469 1148 586 1195 circa
607 1147 839 1195 consulem
862 1162 1009 1193 tamen
1030 1146 1178 1193 acrior
1207 1143 1499 1206 infestiorque

208 1239 362 1285 pugna
393 1221 468 1268 est.
501 1223 613 1267 Eum
646 1222 695 1267 &
722 1220 892 1266 robora
929 1219 1137 1264 virorum
1172 1217 1500 1281 sequebantur,

210 1298 260 1343 δέ
285 1295 375 1358 ipse
391 1330 404 1353 ,
430 1310 702 1357 quacunque
722 1293 766 1338 in
788 1308 912 1355 parte
935 1292 1078 1354 premi
1100 1310 1150 1338 ac
1176 1291 1381 1337 'laborare
1401 1288 1499 1335 sen-

209 1367 320 1414 serat
352 1367 453 1414 suos
469 1403 481 1424 ,
504 1366 690 1429 impigre
716 1366 886 1412 ferebat
913 1382 1078 1428 opem3
1101 1364 1408 1427 insignemque
1426 1377 1500 1407 ar-

209 1440 293 1487 mis
323 1439 540 1488 &hostes
569 1439 736 1485 summa
758 1438 805 1486 vi
831 1437 1064 1500 petebant,
1084 1437 1134 1482 &
1160 1434 1398 1480 tuebantur
1431 1431 1499 1478 ci-
1556 1432 1568 1436 ”

210 1530 320 1561 ves:
351 1515 496 1561 donec
531 1514 713 1560 Insuber
735 1529 867 1576 eques
902 1511 1142 1571 (Ducario
1169 1525 1337 1555 nomen
1367 1505 1502 1569 erat)

209 1587 324 1635 facie
353 1605 533 1651 quoque
560 1587 810 1644 noscitans,
838 1588 1020 1647 Consul,
1043 1605 1117 1641 etz,
1137 1583 1311 1645 inquit,
1332 1585 1397 1628 lzic
1419 1583 1498 1647 est,

209 1661 503 1725 popularibus
525 1661 632 1718 suis3
653 1664 724 1725 qug'
741 1664 919 1723 legiones
939 1661 1098 1726 nostras
1117 1660 1287 1713 cecidit,
1301 1656 1499 1717 agrosque

210 1733 254 1781 ὃ
273 1737 407 1779 urbem
435 1737 489 1801 est
504 1739 790 1796 depopulatus.
825 1734 923 1779 sam
943 1751 1013 1794 ego
1040 1735 1148 1777 hanc
1170 1730 1380 1776 viflimam
1403 1747 1499 1773 ma·-

211 1810 334 1852 nilms
348 1823 623 1867 peremtorum
634 1807 749 1865 foede
771 1809 924 1851 civium
949 1807 1056 1850 dabo
1076 1822 1092 1849 .·
1113 1801 1382 1864 subditisque
1404 1798 1496 1847 cal-

213 1880 387 1926 caribus
415 1896 562 1943 equo,
588 1896 667 1942 per
695 1878 1061 1925 confertissimam
1092 1876 1285 1922 hostium
1319 1873 1498 1920 turbam

212 1954 429 2016 {mpetum
450 1952 557 2000 facit
577 1972 586 1999 :
608 1953 976 2015 obtruncatoque
1008 1952 1130 2014 prius
1151 1951 1372 2013 armigero
1386 1985 1400 2004 ,
1421 1945 1498 2010 qui

211 2029 254 2075 se
277 2028 436 2074 infesto
456 2026 659 2074 venienti
676 2025 865 2072 obviam
885 2024 1139 2085 objecerat,
1158 2008 1498 2073 consulem'lam

213 2118 293 2147 cea
329 2098 565 2146 transfixit.
618 2097 806 2160 spoliare
843 2098 1097 2159 cupientem
1134 2096 1275 2142 triarii
1310 2093 1503 2141 obiectis,

213 2173 345 2220 scutis
366 2188 560 2219 arcuere.
597 2173 772 2234 Magnae
792 2171 930 2233 partis
949 2168 1048 2233 fuga
1065 2168 1167 2216 inde
1186 2170 1381 2232 primum
1401 2184 1497 2213 coe-

213 2245 282 2309 pit
303 2265 313 2291 ε
334 2245 488 2307 &jam
509 2261 591 2291 nec
610 2244 731 2290 lacus
748 2279 761 2301 ‚
784 2260 864 2290 nec
886 2256 1062 2289 montes
1080 2242 1327 2289 'obstabant
1347 2256 1499 2303 pavo-

213 2317 265 2363 ri.
284 2334 361 2379 per
377 2316 531 2363 omnia
548 2317 660 2363 arcta
677 2329 985 2380 praeruptaque
1004 2316 1132 2363 velut
1150 2316 1257 2362 caeci
1274 2316 1504 2362 evadunt}

215 2405 424 2455 armaque
443 2392 494 2439 ὃς
514 2390 605 2440 viri
623 2388 754 2455 super
774 2390 912 2438 alium
930 2389 1004 2436 alii
1025 2388 1380 2455 praecipitanturt
1393 2388 1502 2435 Pars
