1628 2890
167 139 259 205 με
513 133 1147 182 T1T1L1vl1⁷

168 247 351 293 duntur.
389 244 439 290 &
457 244 521 289 M.
543 240 698 290 Junius
723 238 901 287 Silanus
924 249 1184 302 propraetor
1202 237 1382 301 adjutor
1398 237 1452 285 ad

168 335 240 366 res
282 315 494 380 gerendas
526 314 652 361 datus
692 312 770 361 est.
803 315 868 359 Ita
903 328 1007 359 cum
1045 310 1228 374 triginta
1262 311 1453 360 navium

171 390 298 439 classe
334 389 531 453 (omnes
567 400 714 435 autem
755 386 1101 450 quinqueremes
1138 383 1298 448 erant)
1331 383 1481 430 ostiis'

171 463 397 513 Tiberinis
417 460 641 525 profeffixs
669 473 827 524 praeter
847 476 971 505 oram
991 456 1126 504 Tusci
1146 457 1301 517 maris,
1319 458 1456 520 Alpes

172 549 307 599 atque
325 535 550 582 Gallicum
568 534 736 591 finum,
751 535 802 580 &
819 531 976 579 deinde
990 530 1185 595 Pyrenei
1206 531 1456 577 circumve-

173 609 270 654 ἕως
299 606 696 670 promontorium,
720 603 949 668 Emporiis
967 603 1077 650 urbe
1094 605 1254 650 Graeca
1274 602 1455 666 (oriun-

174 680 219 725 di
238 682 287 727 δε
305 679 384 743 ipfi
400 696 423 725 a
439 680 629 726 Phocaea
646 676 770 741 sunt)
791 677 946 740 copias
966 674 1194 739 exposuit:
1213 675 1317 722 inde
1336 674 1459 738 sequi

175 752 372 800 navibus
391 751 512 814 juffis
524 788 538 811 ,
554 755 860 800 Tarraconem
879 750 1065 813 pedibus
1083 748 1332 812 profeEtus,
1349 764 1460 795 con-

175 840 366 874 ventum
397 826 602 873 omnium
637 824 864 871 sociorum
900 822 1100 887 (etenim
1132 822 1377 886 legationes
1407 820 1464 866 ad

177 898 343 947 famam
364 901 584 946 adventus
608 899 700 961 ejus
724 915 779 944 ex
811 898 938 946 omni
959 897 1002 944 se
1031 896 1273 960 provincia
1293 894 1472 942 effnde--

181 977 311 1037 rant)
332 975 500 1021 habuit.
530 991 670 1021 naves
689 974 752 1020 ibi
776 973 958 1020 subduci
985 972 1130 1035 juffit,
1152 972 1335 1018 remiffis
1356 987 1467 1034 qua-

181 1059 290 1095 tuor
309 1047 563 1094 triremibus
592 1046 925 1093 Maffiliensiurn
940 1081 955 1103 ,
973 1063 1072 1108 quae
1095 1045 1235 1093 officii
1260 1044 1386 1092 causa
1409 1043 1466 1089 ab

183 1120 330 1167 domo
359 1119 608 1183 prosecutae
637 1118 826 1165 fuerant.
852 1117 1080 1180 Responsa
1104 1118 1207 1164 inde
1226 1115 1469 1180 legationi-

184 1195 269 1241 bus
294 1193 506 1255 suspensis
533 1191 751 1239 varietate
776 1201 847 1237 tot
873 1189 1052 1238 casuum
1083 1192 1184 1237 dare
1213 1190 1384 1252 coepit,
1411 1188 1469 1234 ita

184 1266 306 1313 elato
337 1266 391 1312 ab
422 1265 593 1328 ingenti
624 1265 846 1313 virtutum
876 1261 1055 1309 suarum
1083 1261 1250 1308 fiducia
1282 1261 1434 1307 animo
1453 1295 1473 1317 ‚

186 1351 242 1386 ut
293 1339 468 1386 nullum
516 1338 647 1385 ferox
692 1337 884 1384 verbum
928 1335 1190 1392 excidere13
1228 1333 1472 1397 ingensque

188 1412 403 1459 omnibus
421 1448 437 1472 ,
463 1429 564 1475 quae
593 1411 760 1458 diceret
777 1446 791 1469 ,
814 1426 916 1458 cum
948 1407 1147 1472 majestas
1168 1407 1347 1465 ineffet,
1374 1417 1474 1452 tum

191 1486 318 1533 fides.

274 1558 386 1605 XX.
417 1556 648 1604 ProfeEius
680 1556 735 1603 ab
759 1557 1052 1611 Tarracone,
1082 1554 1132 1600 &
1162 1550 1369 1600 civitates
1402 1549 1476 1596 so-

192 1634 370 1684 ciorum
401 1635 450 1681 &
478 1632 665 1679 hiberna
696 1631 918 1678 exercitus
947 1629 1079 1676 adiit:
1111 1625 1477 1688 collaudavitque

193 1708 358 1755 milites
375 1742 390 1764 ,
417 1706 544 1768 quod
562 1741 576 1764 ,
595 1705 761 1762 duabus
780 1703 914 1750 tantis
934 1700 1130 1749 cladibus
1150 1699 1360 1761 deinceps
1378 1696 1477 1755 iffi,

192 1779 484 1844 provinciam
510 1777 830 1836 obtinuissent:
863 1791 946 1822 nec
973 1772 1163 1820 frustum
1187 1769 1480 1817 secundarum

194 1869 346 1900 rerum
376 1851 536 1898 sentire
566 1849 715 1896 hostes
748 1848 880 1911 paffi,
914 1846 1042 1892 omni
1074 1846 1138 1892 cis
1163 1844 1339 1890 Iberum
1367 1856 1480 1904 agro

196 1942 278 1973 eos
294 1925 531 1973 arcuissent
543 1959 556 1982 ,
571 1922 809 1985 sociosque
826 1938 929 1968 cum
948 1918 1036 1966 fide
1049 1918 1178 1965 tutati
1193 1917 1342 1964 effent.
1360 1917 1481 1962 Mar-

197 2000 321 2046 cium
349 1998 495 2045 secum
522 1996 712 2043 babebat
744 2012 846 2042 cum
876 2005 1004 2040 tanto
1037 1993 1242 2049 honore,
1273 2002 1324 2036 ut
1351 1986 1483 2034 facile

198 2082 466 2134 appareret,
500 2069 613 2116 nihil
635 2070 807 2126 minus,
839 2083 971 2130 quam
995 2065 1142 2112 vereri
1157 2100 1170 2121 ,
1192 2079 1247 2108 ne
1277 2060 1377 2124 quis
1399 2059 1483 2105 ob-

199 2142 333 2189 staret
359 2143 514 2206 gloriae
536 2141 636 2188 suae.
671 2139 884 2187 Succeffit
901 2137 1003 2184 inde
1023 2134 1198 2182 Neroni
1217 2133 1413 2189 Silanus,
1433 2133 1485 2179 &

199 2218 250 2265 in
271 2219 456 2266 hiberna
486 2217 602 2264 novi
631 2215 794 2263 milites
817 2212 1004 2261 deduffl.
1038 2210 1214 2274 Scipio,
1239 2207 1484 2263 omnibus,

201 2309 303 2355 quae
336 2292 536 2339 adeunda
565 2291 819 2354 agendaque
848 2298 995 2344 erant,
1024 2298 1196 2332 mature
1226 2281 1355 2328 aditis
1377 2295 1484 2342 per·-

204 2363 425 2426 affisque,
454 2365 760 2410 Tarraconem
789 2359 1016 2406 conceffit.
1056 2354 1213 2402 Nihilo
1239 2353 1391 2400 minor
1416 2350 1486 2396 sa·-

201 2431 279 2483 ma
308 2436 428 2500 apud
458 2434 607 2483 hostes
633 2432 861 2497 Scipionis
889 2443 1011 2490 erat,
1041 2445 1177 2494 quam
1208 2426 1328 2490 apud
1359 2424 1487 2474 cives
