1628 2890
190 147 299 194 ²30
550 131 774 179 TITI
843 133 1114 182 LIVII

190 229 352 302 quem',
382 239 678 302 populantem
698 251 866 287 temere
887 257 1020 304 agros
1037 242 1083 288 in
1105 243 1291 290 Lucanis
1309 279 1323 301 ‚
1343 244 1480 292 ductu

192 313 432 360 Hannonis
474 314 627 375 priore
666 330 788 360 anno
826 327 1039 377 ceperant
1073 317 1482 381 Carthaginienses.

192 386 254 431 Hi
272 418 286 439 ‚
313 387 418 448 quia
454 386 687 449 publicum
719 387 967 449 periculum
995 399 1089 434 erat
1114 406 1138 435 a
1164 389 1213 436 vi
1243 389 1481 452 tempesta-

192 463 248 508 tis
271 463 315 509 in
337 464 417 521 iis,
456 481 555 524 quae
585 475 875 526 portarentur
905 465 961 511 ad
989 464 1240 523 exercitus,
1262 468 1311 513 &
1330 482 1482 511 emen-

191 537 267 583 titi
305 552 433 585 erant
468 538 575 585 falsa
607 538 868 602 naufragia,
906 542 955 586 &
983 557 1032 585 ea
1072 538 1160 600 ipsa
1184 574 1196 594 ,
1240 557 1339 603 quae
1374 556 1485 586 vera

193 612 603 671 renuntiaverant,
637 612 793 660 fraude
818 612 1017 675 ipsorum
1052 612 1165 658 facta
1196 624 1352 668 erant,
1390 629 1485 658 non

197 685 313 733 casu.
353 686 399 732 in
430 699 604 734 veteres
631 687 890 751 quassasque
921 703 1061 734 naves
1092 686 1246 747 paucis
1275 688 1325 733 &
1355 683 1487 747 parvi

139 806 146 819 ,
197 759 333 823 pretii
364 761 497 808 rebus
516 761 735 824 impositis
754 799 768 820 ‚
804 779 907 808 cum
934 760 1176 807 merfiffent
1203 775 1274 805 eas
1294 758 1339 804 in
1365 758 1485 816 alto,

197 834 400 896 exceptis
432 834 477 880 in
510 847 775 898 praeparatas
806 835 986 899 scaphas
1015 834 1184 892 nautis,
1216 831 1489 895 multiplices

198 905 328 954 fuiffe
360 926 530 956 merces
558 911 926 958 ementiebantur.
961 911 1024 956 Ea
1054 908 1171 956 fraus
1200 907 1401 959 indicata,
1425 907 1492 952 M.

200 979 345 1026 Atilio
375 981 563 1043 praetori
592 983 745 1044 priore
778 999 898 1029 anno
927 981 1097 1039 fuerat,
1132 998 1184 1028 ac
1213 997 1291 1044 per
1318 978 1420 1026 eum
1438 976 1493 1024 ad

202 1053 401 1103 senatum
420 1056 561 1104 delata
574 1094 586 1115 ‚
610 1075 693 1104 nec
714 1070 863 1104 tamen
883 1057 980 1104 ullo
999 1054 1382 1105 senatusconsulto
1402 1069 1492 1099 no-

201 1138 312 1175 tata:
332 1130 437 1193 quia
455 1132 603 1178 Patres
621 1131 829 1179 ordinem
848 1131 1196 1194 publicanorum
1215 1129 1260 1175 in
1282 1128 1359 1175 tali
1379 1139 1494 1173 tem-

203 1215 318 1261 pore
351 1201 568 1249 offensum
603 1204 835 1250 nolebant.
870 1202 1069 1265 Populus
1097 1200 1299 1249 severior
1319 1199 1493 1246 vindex

203 1274 373 1322 fraudis
409 1287 533 1322 erat:
563 1277 838 1341 excitatique
870 1275 1050 1322 tandem
1072 1274 1164 1321 duo
1195 1272 1366 1320 tribuni
1398 1272 1496 1334 ple-

201 1349 274 1396 bis
305 1351 380 1412 Sp.
404 1351 454 1397 &
477 1352 526 1396 L.
546 1350 900 1409 Carvilii,cum
931 1367 1024 1397 rem
1045 1348 1236 1397 invisam
1255 1346 1497 1394 infamem-

204 1438 298 1482 que
316 1434 578 1480 cernerent,
599 1423 842 1471 ducentum
862 1424 1055 1471 millium
1078 1422 1174 1470 aeris
1205 1421 1411 1468 mulctam
1432 1421 1499 1468 M.
1550 1432 1560 1437 “’

205 1495 441 1542 Postumio
474 1495 700 1544 dixerunt.
739 1497 813 1545 cui
847 1497 1070 1544 certandae
1106 1513 1208 1542 cum
1241 1494 1334 1541 dies
1360 1495 1499 1542 adve-

206 1572 338 1619 :niffet
356 1609 370 1630 ‚
407 1571 746 1636 conciliumque
775 1583 865 1618 tarn
893 1571 1103 1634 frequens
1133 1570 1274 1634 plebis
1307 1570 1499 1627 adesset,

207 1656 263 1691 ut
291 1643 628 1690 multitudinem
660 1660 760 1690 area
786 1643 1004 1705 Capitolii
1036 1642 1119 1690 vix
1155 1653 1362 1704 caperet;
1395 1659 1501 1704 per-

208 1730 336 1765 orata
367 1718 493 1765 causa
514 1754 529 1773 ‚
563 1718 657 1781 spes
684 1735 771 1764 una
804 1718 1044 1764 videbatur
1066 1714 1241 1775 effefffi
1270 1717 1325 1763 C.
1344 1715 1501 1762 Servi-

208 1794 296 1839 lius
322 1791 460 1839 Casca
479 1791 686 1845 tribunus
716 1791 884 1852 plebis,
911 1791 988 1855 qui
1013 1790 1298 1853 propinquus
1329 1807 1501 1853 cogna-

208 1864 366 1927 tusque
389 1864 621 1910 Postumio
654 1875 781 1920 erat,
814 1862 966 1925 prius,
996 1881 1129 1926 quam
1163 1863 1219 1909 ad
1245 1862 1503 1926 suffragium

210 1938 355 1984 tribus
372 1948 652 1984 vocarentur
665 1972 679 1993 ‚
696 1935 1009 1982 interceffiffet.
1038 1935 1246 1984 Testibus
1266 1935 1403 1993 datis,
1422 1933 1504 1980 tri-

210 2009 325 2057 buni
354 2008 575 2072 populum
609 2008 965 2061 submoverunn
994 2008 1221 2072 sitellaque
1251 2008 1382 2055 allata
1410 2005 1503 2062 est,

212 2096 264 2131 ut
289 2083 590 2137 sortirentur,
609 2082 689 2128 ubi
706 2082 855 2129 Latini
881 2081 1137 2146 suffragium
1164 2082 1349 2129 ferrent.
1382 2083 1504 2127 Inte-

212 2159 298 2204 rim
320 2156 550 2219 publicani
572 2155 725 2203 Cascae
756 2154 914 2201 instare
929 2190 940 2208 ,
958 2167 1008 2201 ut
1030 2154 1231 2203 concilio
1264 2154 1383 2201 diem
1407 2152 1507 2199 exi-

211 2245 367 2278 meret.
402 2229 600 2292 populus
628 2228 894 2276 reclamare:
929 2229 979 2276 &
1004 2226 1123 2274 forte
1154 2228 1203 2274 in
1233 2243 1381 2274 cornu
1409 2224 1507 2288 pri-

213 2319 315 2352 mus
334 2302 512 2348 sedebat
531 2301 672 2349 Casca
690 2338 704 2359 ‚
732 2301 804 2349 cui
834 2301 961 2347 fimul
981 2312 1126 2348 metus
1152 2299 1388 2362 pudorque
1409 2297 1507 2344 ani-

213 2391 340 2424 mum
370 2374 588 2421 versabat.
630 2375 749 2420 Cum
783 2373 830 2420 in
863 2391 919 2420 eo
956 2390 1116 2436 parum
1150 2371 1337 2435 praesidii
1370 2371 1508 2429 esset,

215 2448 450 2501 turbandae
480 2447 546 2499 rei
573 2447 701 2501 causa
725 2447 956 2514 publicani
987 2465 1068 2515 per
1096 2463 1294 2499 vacuum
1323 2445 1373 2497 in
1402 2444 1508 2495 sub-
