1628 2890
206 192 789 241 HISTORIARUM
826 191 959 236 LIB.
995 191 1204 236 XXIII.
1283 205 1367 250 143

79 303 196 358 &1133
216 303 381 348 Hanno
401 298 556 345 auctor
580 296 841 344 rebellionis
861 295 1007 343 Sardis
1024 332 1037 354 ,
1056 295 1252 359 bellique
1275 294 1372 357 ejus

76 375 194 423 haud
224 375 358 422 dubie
393 373 619 422 concitor.
654 373 751 418 Nec
781 372 1024 417 Sardorum
1058 370 1192 419 duces
1220 371 1374 417 minus

80 451 280 496 nobilem
311 466 407 495 eam
443 463 639 511 pugnam
668 444 868 492 cladibus
900 444 986 490 suis
1013 443 1229 491 fecerunt.
1268 462 1376 492 nam

74 525 130 570 δέ
161 520 278 569 filius
307 520 616 584 Hampficorae
660 517 849 563 Hiostus
883 517 929 562 in
963 517 1058 562 acie
1096 517 1289 564 cecidit:
1323 520 1375 566 &

80 588 374 659 Hampsicora
393 630 408 653 ‚
437 610 541 640 cum
569 591 722 654 paucis
750 590 976 653 equitibus
999 588 1202 653 fugiens,
1232 602 1283 637 ut
1303 590 1376 637 su-

80 686 160 732 per
179 668 356 714 affliftas
388 683 457 713 res
476 681 633 712 necem
662 679 847 727 quoque
870 661 949 709 filii
979 663 1157 711 audivit
1173 700 1189 721 ‚
1217 665 1378 720 nocte,

81 757 139 787 ne
160 739 286 803 cujus
306 740 588 787 interventus
614 749 768 800 coepta
787 734 1054 798 impediret,
1081 748 1276 783 mortem
1297 737 1378 784 fibi

82 813 321 861 conscivit.
349 812 522 859 Ceteris
557 810 661 857 urbs
692 810 876 856 Cornus
905 808 1088 865 eadem,
1110 824 1215 871 quae
1246 822 1349 856 ante
1362 813 1384 865 ‚'

83 886 198 950 fugae
235 884 569 949 receptaculum
605 881 701 930 fuit».
743 898 878 945 quam
908 879 1123 927 'Manlius
1145 918 1161 938 ,
1202 883 1379 930 victore

83 962 285 1009 exercitu
301 958 520 1025 aggressus
534 994 548 1017 ‚
570 957 689 1003 intra
710 971 878 1019 paucos
899 954 991 1000 dies
1014 955 1200 1017 recepit.
1233 957 1383 1003 Dein<

84 1035 139 1081 de
156 1034 254 1081 aliae
269 1048 454 1096 quoque
472 1029 701 1084 civitates,
723 1045 825 1091 quae
847 1026 902 1073 ad
917 1025 1255 1089 Hampsicoram
1276 1028 1381 1074 Poe-

84 1107 257 1171 nosque
277 1105 535 1153 defecerant
551 1140 564 1160 ,
582 1102 813 1149 obsidibus
832 1101 969 1159 datis,
989 1100 1259 1148 dediderunt
1278 1100 1381 1150 sese.

85 1180 250 1243 quibus
282 1177 505 1241 stipendio
535 1175 857 1237 frumentoque
885 1174 1138 1235 imperato,
1173 1190 1260 1236 pro
1297 1191 1383 1221 cu-

85 1250 240 1314 jusque
275 1267 349 1297 aut
389 1250 562 1296 viribus
591 1259 666 1294 aut
698 1247 862 1293 delicto
882 1283 896 1304 ‚
923 1246 1106 1293 Carales
1131 1247 1384 1294 exercitum

87 1323 280 1370 reduxit.
318 1321 383 1368 lbi
407 1320 598 1368 navibus
624 1320 774 1383 longis
802 1319 1023 1378 deduffis,
1054 1319 1384 1384 impositoque,

86 1414 225 1460 quem
254 1395 405 1443 secum
434 1395 709 1451 advexerat,
746 1393 916 1451 milite,
951 1393 1146 1439 Romam
1181 1394 1384 1457 navigat,

88 1468 431 1532 Sardiniamque
459 1467 759 1529 perdomitam
788 1467 964 1513 nuntiat
985 1467 1213 1513 Patribus:
1241 1467 1386 1514 &1³5⁶

88 1541 302 1607 pendium
329 1541 629 1605 quaestoribus
643 1576 656 1599 ‚
678 1541 957 1587 frumentum
979 1540 1184 1588 aedilibus
1203 1576 1216 1599 ,
1240 1541 1385 1603 capti—

89 1617 265 1679 vosque
293 1615 458 1664 Fulvio
488 1615 675 1677 praetori
711 1614 908 1662 tradidit.
945 1617 1030 1662 Per
1057 1615 1176 1662 idem
1210 1628 1386 1678 tempus

89 1691 147 1738 T.
172 1691 394 1738 Otacilius
423 1700 620 1752 praetor,
647 1688 972 1753 quinquaginta
1009 1689 1196 1737 navium
1229 1690 1284 1736 ab
1308 1691 1385 1736 Li-

90 1765 250 1829 lybaeo
277 1763 404 1811 classe
433 1762 481 1808 in
501 1761 703 1809 Africam
730 1761 1036 1819 transvectus,
1068 1762 1384 1825 depopulatus-

93 1855 184 1903 que
212 1856 368 1902 agrum
394 1835 836 1900 Carthaginiensem,
872 1853 976 1883 cum
1005 1836 1255 1884 Sardiniam
1282 1837 1386 1883 inde

94 1924 291 1974 peteret,
329 1927 423 1974 quo
458 1910 576 1956 fama
605 1922 700 1956 erat
727 1909 1053 1957 Hasdrubalem
1087 1928 1111 1957 a
1140 1911 1387 1957 Baliaribus

95 2002 243 2048 nuper
265 1984 480 2048 trajeciss'e
498 2020 511 2041 ‚
541 1984 659 2030 claffi
679 1983 879 2031 Africam
904 1984 1127 2048 repetenti
1159 1984 1386 2042 occurrit,

95 2058 277 2121 levique
307 2056 552 2105 certamine
583 2056 630 2103 in
664 2056 758 2102 alto
788 2057 1056 2115 commiffo,
1087 2055 1253 2119 septem
1281 2056 1386 2102 inde

96 2149 236 2179 naves
274 2150 377 2179 cum
414 2130 547 2177 sociis
584 2130 819 2177 navalibus
855 2130 1005 2192 cepit:
1039 2142 1207 2177 ceteras
1243 2142 1389 2176 metus

97 2205 215 2252 haud
246 2204 396 2262 secus,
429 2221 561 2267 quam
595 2205 862 2266 tempestas,
898 2203 1053 2266 paffim
1079 2202 1267 2263 disjecit.
1304 2205 1389 2251 Per

98 2277 278 2324 eosdem
309 2277 428 2324 forte
458 2277 549 2324 dies
582 2280 632 2325 &
661 2278 889 2324 Bomilcar
920 2295 1021 2324 cum
1052 2277 1297 2335 militibus,
1333 2276 1388 2323 ad

101 2348 459 2413 supplementum
479 2350 751 2413 Carthagine
769 2350 901 2397 miffis
916 2387 929 2406 ‚
957 2349 1292 2413 elephantisque
1305 2385 1320 2406 ‚
1338 2351 1388 2397 &

101 2433 385 2480 commeatu,
405 2424 578 2469 Locros
598 2423 790 2470 acceffit.
823 2439 955 2486 quem
974 2433 1024 2468 ut
1049 2422 1281 2468 incautum
1301 2437 1389 2481 op-

102 2495 318 2557 primeret
346 2500 431 2559 Ap.
452 2496 697 2554 Claudius,
730 2514 810 2559 per
841 2496 1171 2544 simulationem
1198 2495 1391 2558 provin-
