1628 2890
287 126 822 176 HISTORIARUM
858 128 986 176 LIB.
1020 126 1249 176 XXVII.
1319 136 1407 192 393

128 232 302 297 fluxisse
325 251 483 298 aquam
507 234 746 293 Albanam,
768 233 950 297 quidam
975 235 1177 283 auc'lores
1195 246 1334 282 erant.
1354 237 1411 281 Et

126 307 294 353 Roniae'
309 308 427 355 intus
448 308 605 355 cellam
628 307 732 354 aedis
763 307 908 353 Fortis
943 309 1155 353 Fortunae
1183 307 1236 352 de
1266 305 1410 369 capite

127 379 301 442 {ignum
316 415 331 437 ‚
350 381 474 443 quod
493 381 538 426 in
571 396 746 427 corona
763 392 856 425 erat
873 415 885 437 ,
906 379 952 425 in
971 395 1127 426 manus
1149 378 1307 441 sponte
1336 378 1411 425 sua

127 452 399 515 prolapsum.
421 455 475 499 Et
498 451 701 500 Priverni
722 451 820 499 satis
839 451 1068 498 constabat
1085 452 1254 498 bovem
1277 453 1409 497 locu-

125 537 222 569 tum
237 558 252 582 ‚
272 524 612 587 volturiumque
637 523 861 587 frequenti
885 522 993 569 soro
1011 524 1057 570 in
1081 525 1308 569 tabernam
1330 525 1409 569 de-

127 594 324 653 volasse,
347 597 398 642 &
424 595 631 642 Sinuessae
661 607 815 641 natum
847 594 1058 657 ambiguo
1090 595 1206 640 inter
1240 610 1408 640 marem

126 683 180 713 ac
209 666 419 714 feminam
440 667 544 714 sexu
570 666 783 712 infantem
806 683 818 712 :
852 682 968 729 quos
992 665 1285 729 androgynos
1307 667 1409 712 vul·

127 755 208 802 gus
246 739 327 804 (ut
362 741 601 804 pleraque‚
630 739 832 785 faciliore
876 738 931 784 ad
968 738 1234 800 duplicanda
1268 740 1408 786 verba

127 815 294 859 Graeco
317 813 555 876 sermone)
587 812 779 875 appellat
799 830 808 858 :
832 812 883 858 ὃς
901 811 1007 860 laete
1031 810 1184 873 pluisse
1200 845 1214 867 ‚
1236 813 1285 858 &
1305 829 1410 859 cum

124 886 351 948 elephanti
373 888 519 949 capite
541 903 726 948 puerum
748 897 914 931 natum.
946 886 1006 931 Ea
1027 883 1231 946 prodigia
1253 884 1408 931 hostiis

122 958 370 1018 majoribus
407 971 646 1020 procurata
661 994 674 1015 ‚
705 959 754 1004 &
791 955 1053 1019 supplicatio
1097 955 1217 1000 circa
1253 957 1408 1003 omnia

123 1030 404 1093 pulvinaria,
426 1033 475 1078 &c
495 1029 748 1076 obsecratio
774 1029 819 1075 in
839 1045 979 1074 unum
1009 1026 1125 1072 diem
1144 1025 1333 1072 indiessa:
1357 1030 1409 1076 &

122 1103 379 1158 decretum,
409 1117 459 1149 ut
489 1105 544 1150 C.
567 1103 786 1149 Hostilius
816 1115 985 1165 praetor
1015 1101 1146 1149 ludos
1174 1101 1407 1163 Apollini,

120 1176 234 1224 ficut
260 1177 326 1224 his
346 1177 472 1224 annis
492 1178 594 1224 voti
616 1176 805 1238 faffique
826 1188 953 1223 erant
968 1211 982 1234 ‚
1002 1186 1195 1223 voveret
1216 1173 1406 1222 faceret-

120 1267 225 1314 que.
249 1253 331 1296 Per
356 1267 435 1297 eos
456 1250 548 1297 dies
566 1251 617 1296 &
634 1249 893 1296 censoribus
909 1247 1112 1296 creandis
1133 1250 1193 1308 Q.
1216 1248 1404 1297 Fulvius

119 1324 282 1374 consul
310 1324 493 1371 comitia
521 1323 689 1372 habuit.
719 1322 871 1368 Creati
901 1321 1132 1378 censore5‚
1159 1321 1292 1368 ambo
1322 1321 1404 1385 qui

121 1396 327 1443 nondum
349 1395 553 1442 consules
576 1394 751 1441 fuerant
767 1431 781 1453 ‚
801 1397 865 1441 M.
889 1393 1128 1442 Cornelius
1150 1393 1402 1456 Cethegus,

119 1472 168 1519 P.
195 1470 486 1532 Sempronius
514 1469 780 1516 Tuditanus.
814 1469 872 1516 Hi
906 1467 1133 1525 censores,
1167 1478 1216 1513 ut
1245 1483 1401 1531 agrum

119 1545 402 1607 Campanum
430 1542 665 1589 fruendum
692 1542 924 1598 locarent,
943 1558 1000 1588 ex
1028 1540 1402 1587 auetoritatepa-

117 1628 238 1665 trum
269 1616 404 1662 latum
436 1616 482 1661 in
513 1616 685 1678 plebem
707 1615 793 1672 est,
824 1613 1060 1678 plebesque
1081 1611 1226 1659 scivit.
1261 1612 1401 1658 Sena-

117 1702 190 1741 tus
218 1689 455 1735 leftionern
475 1689 712 1735 contentio
744 1689 860 1734 inter
885 1687 1091 1736 censores
1116 1686 1171 1733 de
1190 1685 1400 1748 principe

116 1762 310 1825 legendo
331 1760 487 1808 tenuit.
507 1760 761 1822 Sempronii
779 1761 911 1807 leffio
929 1770 1045 1806 erat:
1063 1769 1261 1805 ceterum
1281 1758 1399 1803 Cor-

117 1835 262 1882 nelius
288 1837 656 1882 morenctraditum
675 1854 703 1880 cz
726 1836 919 1895 patribus
928 1834 1182 1895 sequendum
1197 1867 1210 1888 ‚
1229 1831 1398 1892 ajebat,

115 1924 189 1964 ut,
213 1910 284 1968 qui
294 1910 459 1968 primus
478 1909 617 1968 censor
640 1918 694 1954 ex
712 1911 766 1953 iis
781 1942 797 1969 2
815 1910 883 1968 qui
908 1910 1110 1961 viverent,
1123 1904 1289 1968 sufflet,
1307 1925 1398 1952 eum

109 1984 342 2042 principem
377 1980 643 2043 legerem:is
674 1980 730 2028 T.
767 1979 960 2026 Manlius
995 1979 1254 2039 Torquatus
1288 1992 1397 2027 erat.

114 2051 427 2113 Sempronius,
448 2056 514 2099 cui
538 2055 626 2098 Dii
643 2054 798 2114 sortem
831 2054 990 2114 legendi
1009 2049 1209 2112 clediffetzt
1222 2086 1238 2107 ‚
1258 2054 1294 2096 ei
1320 2053 1396 2108 jus

113 2129 282 2172 liberum
305 2129 461 2187 eosdem
480 2125 627 2189 dediffi
654 2130 788 2174 Deos.
810 2129 863 2173 Se
885 2129 935 2171 id
945 2126 1030 2186 suo
1056 2127 1226 2181 arbitrio
1245 2124 1406 2183 felilic-⁴

114 2219 204 2247 rum
228 2217 244 2244 .·
267 2199 530 2262 lec‘Yurumque
564 2204 620 2263 Q.
654 2204 827 2248 Fabium
860 2202 1133 2258 Maximum,
1162 2194 1293 2259 queml
1307 2216 1394 2246 tum

108 2275 338 2334 principem
371 2277 572 2321 Romame
600 2277 782 2320 civitatis
815 2273 916 2338 effe,
946 2278 1014 2322 vel
1046 2274 1293 2320 Hannibale
1311 2275 1394 2332 jtc-

114 2350 225 2402 dice,
252 2349 427 2395 vic‘lurus
452 2347 552 2412 effic.
582 2350 698 2396 Cum
731 2350 806 2396 diu
830 2361 1045 2398 certatum
1077 2349 1225 2397 verbis
1257 2349 1360 2395 esset
1378 2383 1393 2404 ,

110 2422 388 2472 concedente
408 2423 608 2487 collega,
626 2423 759 2472 leEtus
779 2442 804 2471 a
823 2424 1094 2490 Sempronio
1114 2423 1322 2487 princeps
1342 2422 1390 2470 in
