1628 2890
163 152 180 159 s

223 156 313 187 ιη
564 136 1125 204 T1T1L1V11

215 244 380 303 amnis,
412 242 664 289 transverso
691 241 870 290 vortice
900 243 1022 290 dolia
1051 243 1227 307 impulit
1245 244 1298 291 ad
1320 244 1489 308 ripam;

215 335 347 380 quam
379 316 523 361 hostes
559 314 811 361 servabant.
845 315 906 361 ibi
935 315 1146 363 haerentia
1178 317 1294 364 inter
1320 318 1486 365 obnata

213 391 320 451 ripis
350 389 495 435 salicta
526 388 891 458 conspiciuntur:
931 389 1275 455 nuntiatumque
1309 391 1487 438 Hanni-

214 462 303 509 bali
331 461 423 517 est,
450 462 500 508 &
530 462 690 507 deinde
709 461 954 508 intentiore
975 463 1175 509 custodia
1203 476 1410 523 cautum,
1430 482 1487 512 ne

213 534 324 596 quid
343 533 516 580 falleret
534 534 761 580 Vulturno
778 535 831 579 ad
849 534 1004 590 urbem
1026 534 1213 582 missum.
1249 537 1398 583 Nuces
1417 548 1488 582 ta-

211 624 314 653 men
336 606 440 653 fusae
458 607 513 654 ab
532 608 758 663 Romanis·
777 607 926 654 castris
942 643 956 665 ,
982 625 1081 654 cum
1111 609 1260 655 medio
1290 610 1408 657 amni
1431 611 1487 657 ad

211 678 455 725 Catilinum
487 679 758 736 defluerent,
789 680 980 726 cratibus
1016 680 1366 742 excipiebantur.
1394 684 1487 728 Po-

212 751 377 798 stremo
405 753 459 798 ad
479 753 523 798 id
542 765 729 802 ventum
749 752 916 814 inopiae
942 751 1031 807 est,
1063 763 1112 797 ut
1131 751 1229 799 lora
1249 753 1487 800 detractas-

170 849 174 852 ·
213 843 302 889 que
321 826 451 873 scutis
473 827 635 890 pelles,
651 827 728 873 ubi
748 826 919 874 fervida
940 825 1179 871 mollissent
1202 843 1339 888 aqua,
1360 843 1488 872 man-

211 903 314 948 dere
343 914 643 956 conarentur,
677 917 761 946 nec
792 898 991 945 muribus
1021 897 1172 944 aliove
1202 898 1381 945 animali
1407 899 1487 945 ab·

211 973 453 1030 stinerent,
494 975 543 1020 &
578 989 714 1019 omne
749 971 985 1018 herbarum
1025 969 1312 1030 radicumque
1348 987 1486 1034 genus

209 1046 441 1110 aggeribus
477 1046 645 1092 infimis
676 1045 793 1092 muri
829 1054 1060 1098 eruerent3
1090 1044 1167 1100 &‚
1202 1060 1303 1089 cum
1339 1043 1486 1090 hostes

210 1118 486 1175 obaraffent,
513 1118 729 1180 quidquid
758 1117 931 1163 herbidi
960 1114 1124 1161 terreni
1151 1128 1273 1161 extra
1305 1133 1486 1164 murum

212 1199 330 1240 erat,
360 1203 571 1246 raporum
593 1190 737 1236 semen
760 1191 1009 1247 iniecerunt
1024 1224 1037 1246 ,
1060 1200 1107 1234 ut
1126 1189 1376 1247 Hannibal,
1397 1194 1486 1237 Eo-

209 1277 259 1302 ne
288 1258 438 1318 usque,
475 1261 572 1302 dum
601 1276 649 1302 ea
676 1258 927 1317 nafiamur,
963 1265 1024 1325 aql
1050 1263 1279 1319 Castlinum
1299 1261 1485 1323 sefficrzcs

198 1331 339 1391 sum?
373 1329 666 1376 exclamaret:
695 1331 744 1376 &
761 1365 775 1387 ‚
797 1329 875 1393 qui
894 1327 1060 1374 nullam
1086 1339 1214 1373 antea
1233 1330 1486 1389 pastionem

210 1402 390 1448 auribus
414 1401 668 1461 admiserat,
700 1415 794 1448 tum
825 1401 1001 1446 demum
1029 1400 1098 1462 agi
1128 1399 1272 1446 secum
1301 1401 1361 1447 est
1387 1401 1486 1463 pas·
1528 1459 1538 1463 ,.

211 1474 281 1520 sus
312 1475 366 1520 de
395 1474 673 1522 redemtione
706 1474 953 1520 liberorum
988 1474 1197 1534 capitum.
1242 1474 1486 1536 Septunces

209 1548 306 1595 auri
338 1549 384 1594 in
414 1549 608 1611 fingulos
637 1548 830 1611 pretium
864 1546 1096 1594 convenit.
1139 1546 1243 1592 Fide
1273 1561 1484 1610 accepta,

211 1619 298 1666 sese
327 1620 629 1666 tradiderunt:
669 1621 813 1667 donec
849 1635 984 1666 omne
1018 1636 1172 1664 aurum
1204 1618 1483 1680 persolutum

209 1691 296 1747 est,
325 1689 371 1735 in
392 1690 586 1739 vinculis
614 1692 752 1739 habiti
771 1711 781 1738 :
816 1704 911 1738 tum
934 1691 1094 1736 remiffi
1118 1691 1284 1737 Cumas
1306 1708 1407 1737 cum
1428 1690 1484 1736 fi·-

211 1762 278 1808 de.
299 1763 346 1808 ld
374 1765 526 1811 verius
561 1764 645 1823 est,
677 1781 808 1824 quam
833 1764 889 1810 ab
917 1765 1066 1826 equite
1100 1764 1145 1810 in
1167 1765 1376 1811 abeuntes
1398 1764 1485 1810 im-

208 1836 337 1882 misso
373 1835 644 1883 interfectos.
683 1836 938 1882 Praenestini
962 1836 1169 1883 *maxima
1206 1853 1304 1898 pars
1341 1836 1484 1882 fuere.

208 1925 266 1955 ex
298 1909 551 1972 quingentis
590 1908 863 1970 septuaginta
886 1943 900 1964 ,
937 1908 1015 1969 qui
1053 1908 1100 1954 in
1144 1908 1347 1970 praefidio
1380 1907 1482 1954 fue-

208 1993 316 2027 runt
334 2017 347 2037 ‚
376 1981 525 2028 minus
552 1980 782 2026 dimidium
804 1979 972 2026 ferrum
1002 1980 1224 2043 famesque
1254 1979 1483 2026 absumsit:

207 2054 344 2102 ceteri
376 2054 627 2101 incolumes
656 2053 873 2099 Praeneste
903 2071 1004 2100 cum
1040 2065 1234 2115 praetore
1269 2053 1347 2101 suo
1379 2055 1482 2099 Ma-

208 2126 330 2172 nicio
361 2125 533 2190 (scriba
553 2126 588 2172 is
611 2138 739 2172 antea
760 2124 929 2188 fuerat)
950 2125 1192 2172 redierunt.
1221 2125 1371 2172 Statua
1388 2123 1483 2185 ejus

210 2199 380 2245 indicio
414 2198 531 2253 fuit,
574 2199 788 2244 Praeneste
827 2199 873 2244 in
907 2198 1013 2257 foro
1041 2198 1226 2257 statuta,
1267 2199 1482 2254 loricata,

210 2270 367 2317 amicta
404 2281 536 2331 toga,
566 2269 718 2316 velato
749 2269 919 2330 capite3
946 2271 996 2315 δέ
1025 2270 1107 2314 tria
1142 2270 1259 2332 signa
1288 2287 1389 2316 cum
1421 2269 1482 2315 ti-

208 2341 309 2387 tulo
339 2342 497 2386 lamnae
525 2356 659 2386 aeneae
693 2339 939 2402 inscripto,
968 2345 1205 2388 Manicium
1226 2363 1308 2404 pro
1330 2346 1483 2390 militi-

209 2416 308 2475 hm,
343 2417 413 2474 qui
443 2414 620 2480 Cafilc'ni
648 2415 694 2460 in
722 2413 912 2478 praestdio
926 2413 1119 2475 fixerint,
1153 2433 1292 2462 votum
1319 2414 1482 2481 vowjffe,
