1628 2890
306 155 853 205 HISTORIARUM
903 156 1025 202 LIB.
1059 155 1236 201 XXH.
1369 166 1420 220 55

138 263 289 312 castris
317 262 521 310 bifariam
553 262 699 321 faffis,
721 274 772 309 ut
803 277 929 308 nova
954 259 1130 308 minora
1155 258 1292 307 effent
1319 270 1430 323 pro-⁴

137 336 235 401 pius
264 335 558 382 Hannibalem
574 371 586 392 ‚
610 334 658 381 in
678 333 909 381 veteribus
928 331 1075 393 major
1101 348 1200 395 pars
1219 333 1268 379 &
1288 345 1428 378 omne

137 410 281 457 robur
300 408 468 456 virium
497 408 630 463 effen
658 410 754 453 tum
777 405 1011 454 consuhnn
1041 404 1146 452 anni
1170 403 1335 468 prioris
1356 404 1424 452 M.

136 483 350 539 Atilium,
391 495 564 529 aetatem
606 479 913 538 excusantem,
952 480 1145 527 Romam
1180 478 1430 535 miserimu-

134 554 383 601 Geminum
424 553 665 601 Servilium
698 552 745 598 in
785 551 1037 598 minoribus
1071 550 1221 597 castris
1255 548 1429 613 legioni

131 627 352 672 Romanae
382 626 429 672 &
465 625 633 672 socium
671 624 870 686 peditum
913 623 1206 685 equitumque
1245 622 1430 669 duobus

135 699 336 745 millibus
355 696 619 761 praeficiunt.
655 695 904 752 Hannibal,
927 711 1180 757 quanquam
1213 708 1338 757 parte
1359 692 1431 744 dia

136 771 275 818 midia
311 771 456 817 ancias
489 770 685 816 hostium
716 768 869 831 copias
907 766 1144 821 cernebat,
1165 777 1314 811 tamen
1345 765 1430 812 ad-

137 856 284 891 ventu
321 842 556 891 consulum
598 843 710 890 mire
745 842 950 906 gaudere.
993 855 1089 885 non
1130 838 1273 884 solum
1306 839 1428 886 enim

138 916 251 963 nihil
272 934 326 964 ex
353 917 488 979 raptis
517 917 562 963 in
590 917 706 962 diem
730 913 1055 962 commeatibus
1076 912 1333 975 superabat,
1353 911 1427 959 sed

137 1005 195 1035 ne
211 1025 224 1046 ,
245 989 360 1036 unde
389 1002 592 1051 raperet,
613 988 795 1052 quidem
825 987 1073 1050 quidquam
1105 983 1270 1048 reliqui
1301 997 1392 1031 erat
1407 1019 1427 1044 2

136 1063 265 1108 omni
285 1062 487 1125 undique
506 1061 761 1119 frumento,
786 1060 1021 1123 postquam
1044 1075 1150 1122 ager
1169 1075 1326 1121 parum
1353 1069 1426 1103 tu-

136 1147 208 1181 tus
229 1149 344 1191 erat,
366 1135 412 1180 in
441 1136 573 1181 urbes
602 1135 797 1182 munitas
819 1133 1072 1189 conve&0‚
1092 1144 1143 1179 ut
1162 1131 1245 1178 vix
1271 1132 1431 1178 decem.

137 1208 310 1253 dierum
337 1206 493 1271 (quod
529 1219 813 1270 compertum
847 1205 1000 1268 postea
1029 1203 1122 1268 est)
1147 1202 1426 1250 frumentum

137 1277 400 1341 superesset,
420 1278 811 1341 Hispanorumque
827 1277 890 1323 ob
909 1277 1112 1339 inopiam
1128 1274 1332 1323 transitio
1350 1290 1426 1337 pa-

136 1366 230 1400 rata
249 1353 404 1412 fuerit,
423 1353 454 1399 fi
475 1353 701 1400 maturitas
717 1365 975 1415 temporum
990 1368 1042 1398 ex
1051 1350 1237 1414 speciata
1257 1348 1394 1397 foret.

203 1425 320 1471 XLI.
352 1426 564 1471 Ceterum
583 1423 820 1471 temeritati
841 1423 1040 1470 consutis
1057 1440 1109 1469 ac
1130 1437 1429 1485 praepropero

136 1495 321 1560 ingenio
341 1496 572 1544 materiam
593 1496 727 1543 etiam
747 1496 928 1542 fortuna
949 1494 1093 1541 dedit:
1109 1494 1234 1557 quod
1250 1495 1295 1541 in
1320 1510 1429 1557 pro-

137 1569 346 1618 hibendis
361 1570 686 1634 praedatoribus
705 1569 1003 1617 tumultuario
1025 1568 1222 1632 proeliO,
1241 1586 1292 1615 ac
1311 1584 1426 1631 pro-

136 1644 268 1691 cursu
298 1645 437 1708 magis
456 1644 675 1703 militum,
699 1661 834 1709 quam
854 1660 910 1689 ex
930 1655 1184 1707 praeparato
1209 1653 1284 1690 aut
1312 1641 1427 1704 jussu

137 1714 460 1777 imperatorum
475 1751 489 1773 ‚
511 1728 641 1775 orto,
662 1716 1000 1779 haudquaquam
1023 1731 1100 1778 par
1118 1714 1272 1761 Poenis
1291 1712 1427 1760 dimi-

137 1789 259 1837 catio
294 1789 395 1837 fuit.
426 1790 482 1837 ad
506 1790 629 1838 mille
664 1791 715 1836 δε
743 1789 1008 1853 septingenti
1041 1788 1167 1847 caefi,
1199 1805 1294 1836 non
1323 1787 1431 1851 plus

137 1872 321 1908 centum
342 1861 658 1907 Romanorum
679 1860 994 1924 sociorumque
1020 1859 1194 1907 occifis.
1225 1871 1427 1906 ceterum

137 1930 387 1979 victoribus
408 1932 539 1979 effuse
557 1931 845 1996 sequentibus
870 1944 993 1979 metu
1014 1930 1270 1979 infidiarum
1288 1929 1426 1978 obsti-

140 2002 195 2050 tit
219 2003 395 2051 Paullus
421 2004 604 2060 consu13
625 2004 752 2068 cujus
776 2022 833 2052 eo
865 2006 934 2052 die
962 2005 1095 2070 (nam
1124 2004 1306 2051 alternis
1338 2004 1425 2051 im-

138 2076 424 2141 peritabant)
445 2078 681 2141 imperium
705 2091 800 2125 erat
815 2114 828 2137 ,
852 2081 1061 2140 Varrone
1090 2077 1352 2142 indignante
1371 2092 1428 2124 ac

137 2150 443 2209 vociferante,
473 2152 672 2200 emiss‘um
703 2152 875 2200 hostem
904 2170 928 2199 e
959 2152 1196 2209 manibus3
1228 2152 1426 2200 debella-

139 2223 296 2287 rique,
334 2224 380 2271 ni
419 2225 628 2273 cessatum
675 2225 823 2286 foret,
864 2226 1071 2290 potuiffe.
1118 2226 1344 2273 Hannibal
1379 2226 1431 2273 id

139 2299 347 2346 damnum
370 2301 490 2347 haud
509 2302 736 2365 aegerrime
756 2302 847 2365 pati
867 2320 878 2349 ε
905 2302 1018 2365 quin
1045 2302 1198 2364 potius
1217 2300 1425 2356 credere,

139 2374 267 2421 velut
293 2375 530 2423 inescatam
560 2377 854 2425 temeritatem
877 2377 1115 2424 ferocioris
1145 2374 1339 2423 consulis
1370 2391 1423 2421 ac

139 2466 376 2500 novorum
406 2453 599 2502 maxime
635 2454 831 2502 milittun
864 2453 967 2502 effe.
1001 2454 1051 2501 &
1079 2452 1235 2500 omnia
1263 2451 1306 2500 ei
1336 2451 1428 2506 hoff

1061 2527 1110 2575 D
1147 2542 1176 2585 4
