1628 2890
184 152 275 198 170
541 133 1101 180 T1T1L1vil

181 266 284 297 nem
303 245 462 303 animi,
478 243 627 307 quod,
647 259 751 290 cum
770 241 945 288 summo
962 241 1232 305 imperatore
1249 241 1333 287 effe
1351 257 1466 303 opus

181 320 442 384 reipublicae
475 316 629 375 sciret,
658 316 789 380 seque
809 333 912 362 eum
941 315 1061 361 haud
1088 314 1220 361 dubie
1249 314 1357 371 effe,
1379 314 1464 359 mi-

181 393 307 440 noris
339 389 556 436 invidiam
585 388 706 435 suam
723 423 737 443 ‚
761 387 791 433 si
818 402 906 449 qua
936 402 993 432 ex
1022 403 1069 432 re
1090 387 1310 446 oriretur,
1332 402 1466 449 quam

181 466 418 513 utilitatem
442 463 700 525 reipublicae
715 498 728 519 ,
750 461 931 508 feciffet.

248 541 309 585 X.
331 540 442 597 Quo
466 536 536 584 die
556 535 859 600 magistratum
885 532 1083 580 inierunt
1100 531 1331 590 consules,
1350 530 1469 577 sena·

183 624 257 659 tus
286 611 332 656 in
350 609 586 674 Capitolio
612 608 672 655 est
693 606 892 654 habitus:
921 606 1242 668 decretumque
1263 604 1470 651 omnium

182 683 408 747 primum,
443 694 494 728 ut
526 679 731 728 consules
767 677 1066 734 sortirentur,
1098 689 1471 738 compararentve

184 757 306 803 :inter
326 755 395 814 se,
424 767 523 802 uter
547 754 811 801 censoribus
839 751 1040 798 creandis
1060 741 1243 797 cornitia
1265 748 1473 805 haberet,

184 828 445 894 priusquam
479 829 534 875 ad
561 827 810 874 exercitum
844 823 1218 888 proficisceretur.
1252 823 1473 884 Proroga-

185 915 284 956 ωσι
309 902 469 948 deinde
499 902 741 964 imperium
774 898 986 946 omnibus
1005 934 1018 955 ‚
1053 897 1130 960 qui
1165 896 1220 942 ad
1253 894 1474 941 exercitus

185 987 340 1032 erant,
356 974 545 1038 jussique
576 973 623 1019 in
643 972 899 1036 provinciis
920 987 1123 1028 manere,
1143 969 1216 1016 Ti.
1238 968 1475 1015 Gracchus

186 1050 391 1100 Luceria:
409 1087 423 1108 ‚
448 1050 528 1096 ubi
554 1066 656 1096 cum
674 1046 904 1096 volonum
933 1046 1137 1092 exercitu
1160 1056 1278 1101 erat,
1306 1043 1361 1090 C.
1383 1041 1476 1087 Te·-

189 1123 360 1169 rentius
384 1125 532 1169 Varro
560 1121 608 1167 in
635 1137 743 1184 agro
772 1119 968 1176 Piceno,
991 1117 1168 1163 Manius
1197 1114 1478 1177 Pomponius

187 1195 238 1242 in
269 1195 465 1242 Gallico.
505 1211 563 1240 ex
594 1193 867 1257 praetoribus
902 1190 1067 1253 prioris
1103 1189 1210 1236 anni
1243 1203 1328 1251 pro
1357 1204 1476 1249 praeu

190 1282 294 1316 tore
330 1271 390 1330 Q.
415 1269 595 1316 Mucius
628 1267 856 1314 obtineret
885 1263 1158 1320 Sardiniam,
1183 1263 1249 1311 M.
1278 1259 1480 1307 Valerius

199 1344 255 1390 ad
285 1343 567 1390 Brundifium
600 1359 694 1388 orae
728 1339 965 1386 maritimae
984 1372 999 1394 ,
1038 1337 1237 1383 intentus
1271 1332 1480 1381 adversus

193 1432 355 1462 omnes
388 1428 539 1461 motus
572 1412 768 1476 Philippi
806 1410 1108 1457 Macedonum
1144 1405 1288 1470 regis,
1322 1403 1481 1468 praees-
1541 1433 1551 1437 --

194 1489 273 1536 set.
320 1490 368 1535 P.
401 1487 624 1535 Cornelio
663 1485 857 1533 Lentulo
897 1483 1079 1546 praetori
1115 1480 1265 1528 Sicilia
1306 1480 1481 1525 decreta
1533 1485 1535 1488 ⁴

195 1562 468 1626 provincia3
499 1563 556 1608 T.
579 1559 783 1607 Otacilio
808 1557 948 1604 claffis
975 1557 1152 1612 eadem,
1170 1571 1306 1616 quam
1326 1552 1484 1598 adver-

196 1633 269 1680 sus
299 1631 689 1696 Carthaginienses
717 1631 868 1693 priore
901 1644 1024 1675 anno
1057 1625 1284 1672 habuisset.
1320 1623 1457 1669 Prodi
1463 1649 1484 1657 -

200 1705 274 1772 gia
306 1722 363 1752 eo
396 1722 518 1751 anno
553 1704 694 1752 multa
726 1697 933 1749 nuntiata
968 1700 1080 1746 sunt.
1128 1715 1228 1761 quae
1259 1713 1353 1761 quo
1387 1712 1483 1742 ma-

198 1779 266 1843 gis
302 1779 544 1827 credebant
579 1778 800 1845 simplices
839 1793 891 1823 ac
925 1774 1120 1838 religiosi
1152 1771 1358 1818 homines
1379 1806 1392 1827 ‚
1429 1787 1486 1815 eo

197 1851 327 1914 plura
361 1850 707 1897 nuntiabantur·
737 1847 962 1895 Lanuvii
952 1864 1000 1892 m
1009 1815 1128 1891 oaede
1160 1844 1280 1890 intus
1299 1841 1486 1904 Sospitae

202 1925 392 1971 lunonis
425 1940 599 1971 corvos
631 1923 789 1969 nidum
820 1919 999 1968 fecisse:
1031 1919 1078 1964 in
1106 1917 1282 1979 Apulia
1294 1914 1488 1977 palmam

202 1999 399 2045 viridem
424 1998 593 2045 arsisse:
622 1999 822 2043 Mantuae
853 1995 1053 2057 stagnum
1086 1990 1272 2037 effusum
1307 1987 1486 2034 Mincio

203 2071 326 2116 amni
356 2082 594 2117 cruentum
625 2069 800 2117 visum:
835 2069 886 2115 &
913 2066 1099 2115 Calibus
1130 2077 1282 2119 creta,
1315 2063 1366 2110 &
1390 2062 1489 2106 Ro·
1552 2107 1558 2114 ¹

204 2161 291 2189 mae
326 2144 372 2189 in
406 2144 513 2191 foro
547 2143 712 2191 boario
745 2142 957 2206 sanguine
995 2139 1177 2203 pluiffe:
1214 2139 1265 2186 &
1300 2137 1347 2183 in
1381 2136 1490 2182 vico

203 2215 363 2262 Istrico
391 2216 566 2263 fontem
599 2217 679 2263 sub
709 2229 826 2264 terra
844 2226 967 2262 tanta
983 2214 1032 2262 vi
1055 2229 1274 2276 aquarum
1292 2208 1494 2263 fluxisse,

202 2298 257 2333 ut
283 2286 412 2334 serias
446 2288 685 2351 doliaque,
716 2305 818 2350 quae
848 2287 893 2332 in
915 2301 971 2333 eo
993 2285 1102 2332 loco
1130 2295 1283 2339 erant,
1312 2297 1491 2343 provo-

206 2359 300 2406 luta
319 2359 443 2407 velut
470 2358 664 2422 impetus
699 2358 915 2405 torrentis
945 2357 1121 2403 tulerit:
1155 2355 1267 2401 taCta
1296 2353 1349 2399 de
1368 2352 1492 2399 coelo

211 2432 371 2480 atrium
391 2432 619 2496 publicum
638 2433 685 2478 in
706 2430 940 2495 Capitolio
953 2466 967 2489 ,
983 2430 1119 2476 aedem
1142 2427 1188 2475 in
1207 2442 1365 2490 campo
1383 2424 1492 2471 Vul-
