1628 2890
269 133 810 182 HISTORIARUM
844 137 971 183 ΜΒ.
1010 112 1209 185 XXVI.
1279 153 1371 202 307

158 239 274 286 VIII.
306 239 354 286 Id
381 238 633 303 priusquam
659 239 814 300 fieret,
845 241 920 289 ita-
940 240 1139 292 futurum
1169 260 1376 308 comper-

92 327 189 360 tum
219 329 275 358 ex
298 310 537 376 transfugis
553 349 567 372 ,
586 313 770 360 Fulvius
795 315 975 362 Flaccus
994 315 1161 364 senatui
1180 319 1375 366 Romam

93 403 197 432 cum
216 384 464 447 scripfiffet‚
485 387 608 432 varie
627 385 867 433 hominum
890 386 1025 434 animi
1054 405 1138 451 pro
1161 388 1378 454 cujusque

92 457 278 522 ingenio
295 458 437 505 affeffi
459 459 570 505 sunt.
589 461 653 506 Ut
669 458 714 505 in
737 476 784 507 re
803 472 892 506 tam
913 462 1110 524 trepida,
1129 463 1277 511 senatu
1294 481 1376 511 ex-

94 532 267 594 templo
290 545 462 578 vocato
476 568 490 591 ,
509 533 553 579 Ρ.
573 532 840 591 Cornelius,
859 534 933 581 cui
952 534 1098 582 Afinae
1118 553 1378 601 cognomen

94 616 213 663 erat,
232 620 390 650 omnes
415 605 548 651 duces
573 605 882 670 exercitusque
912 609 1091 656 ex¹tota
1121 610 1243 657 Italia
1260 647 1275 668 ,
1296 629 1378 658 ne·

95 690 185 738 que
214 676 407 737 Capuae,
436 691 584 739 neque
614 676 750 722 ullius
782 677 962 724 alterius
993 680 1056 726 rei
1089 699 1290 741 memor,
1323 683 1379 730 ad

93 748 217 794 urbis
242 748 495 810 praesidium
525 749 785 796 revocabat.
816 751 972 799 Fabius
1001 754 1257 812 Maximus,
1279 757 1378 804 abs-

95 822 195 868 cedi
229 840 254 868 a
287 823 469 885 Capua,
503 823 748 886 terrerique
788 825 838 872 &
873 824 1115 891 circumagi
1152 830 1207 877 ad
1241 844 1379 881 nutus

93 895 561 959 comminationesque
581 896 842 944 Hannibalis
855 935 869 957 ,
888 898 1158 963 flagitiosum
1176 903 1379 955 ducebat.

96 974 190 1033 Qui
218 976 278 1018 ad
302 975 473 1018 Cannas
496 970 625 1018 vic‘lor
653 975 709 1018 ire
735 989 872 1019 tamen
901 977 962 1020 ad
978 977 1112 1021 urbem
1141 977 1272 1038 ausus
1293 999 1379 1027 non

95 1067 116 1093 e
151 1046 213 1105 et,
248 1064 363 1105 eum,
388 1067 415 1093 a
454 1050 598 1108 Capua
627 1048 830 1108 repulsum
845 1083 860 1105 ,
886 1049 1007 1110 spem
1032 1053 1247 1110 potiundae
1269 1057 1382 1100 urbis

99 1123 243 1167 Roma:
275 1119 447 1183 cepiffe?
469 1122 571 1166 Non
607 1123 668 1166 ad
693 1122 874 1167 Romam
905 1121 1193 1186 obsidendam,
1209 1126 1304 1186 sed·
1323 1131 1385 1175 ad

100 1196 250 1255 Capuae
290 1196 545 1239 liberandam
580 1192 856 1258 obsidionem,
891 1195 962 1240 ire.
995 1188 1178 1242 Romam
1212 1216 1303 1243 cum
1337 1219 1382 1246 eo

99 1268 275 1313 exercitu
288 1301 302 1323 ,
323 1269 393 1326 qui
409 1267 469 1310 ad
483 1265 617 1311 urbem
637 1262 725 1328 effic
737 1301 752 1322 ,
769 1266 935 1324 Iovem,
944 1265 1151 1325 foederum
1169 1287 1380 1332 ruptorum
1448 1290 1454 1299 ·

99 1344 152 1387 ab
191 1342 435 1386 Hannibale
466 1340 620 1406 testem,
655 1341 848 1400 Deosque
884 1343 995 1391 alios
1027 1338 1266 1404 defensuros
1295 1347 1387 1411 eſjej

100 1415 190 1461 Has
224 1413 416 1460 diversas
453 1412 689 1460 sententias
717 1413 864 1459 media
893 1413 1107 1462 sententia
1136 1417 1184 1464 P.
1212 1418 1383 1468 Valerii

99 1485 244 1532 Flacci
263 1484 378 1531 vicit
397 1502 407 1529 :
429 1483 530 1547 qui,
561 1482 790 1547 utriusque
812 1482 877 1531 rei
906 1501 1106 1543 memor,
1136 1485 1384 1552 imperato—

99 1560 225 1607 ribus
240 1595 255 1617 ,
277 1559 357 1622 qui
387 1558 442 1605 ad
461 1559 663 1622 Capuam
695 1558 831 1605 effent
846 1594 860 1615 ,
882 1558 1161 1608 scribendum
1180 1564 1350 1613 censuit
1367 1603 1385 1626 ‚

105 1634 231 1694 Quid
247 1636 306 1678 ad
323 1635 456 1678 urbem
469 1632 654 1697 praestdii
673 1630 771 1696 effet.
802 1650 982 1693 quantas
1002 1651 1138 1681 autem
1158 1639 1388 1685 Hannibal

103 1709 246 1766 copias
275 1708 450 1761 duceret,
471 1720 546 1750 aut
580 1721 734 1766 quanto
761 1708 940 1752 exercitu
966 1710 1028 1752 ad
1058 1710 1243 1769 Capuam
1273 1714 1386 1777 obsi-

102 1782 281 1826 dendam
301 1796 404 1838 opus
423 1775 532 1842 effic,
553 1779 665 1839 ipsos
671 1779 795 1839 scire.
823 1783 856 1824 S
858 1782 874 1824 i
896 1777 938 1825 ὅ·
966 1781 1148 1827 Romam
1173 1801 1192 1828 e
1212 1786 1388 1832 ducibus

103 1856 232 1907 alter,
269 1849 310 1896 G*
337 1854 536 1896 exercitus
558 1867 663 1911 pars
691 1853 802 1896 mitti
821 1849 981 1914 poffet‚
1008 1868 1056 1899 ut
1080 1856 1133 1899 ab
1161 1859 1312 1917 reliquo
1343 1857 1387 1905 6·

104 1927 202 1970 duce
226 1921 268 1969 δ’
289 1926 466 1968 exercitu
498 1926 642 1983 Capua
665 1924 757 1969 refle
786 1923 1057 1987 olqfideretur;
1076 1929 1183 1973 inter
1193 1929 1244 1989 fi
1272 1949 1389 1976 com-

96 2013 294 2059 pararent
315 2000 517 2042 Claudius
541 1998 819 2058 Fulviusque,
848 2002 929 2043 utri
958 2000 1180 2064 obsidenda
1207 2005 1355 2065 Capua
1369 2037 1395 2066 ‚-

104 2074 186 2118 utri
202 2107 216 2127 ‚
244 2074 304 2116 ad
314 2074 617 2132 prohibendam
637 2072 845 2136 obsidione
857 2075 1068 2132 patriam,
1099 2076 1282 2123 Romam
1315 2098 1390 2126 ve*

105 2147 312 2190 niundum
343 2142 441 2207 effet.
471 2145 572 2191 Hoc
602 2143 982 2191 senatusconsulto
1011 2146 1211 2210 Capuam
1239 2150 1390 2215 perla-

105 2228 155 2262 to
173 2252 186 2274 ‚
213 2216 274 2275 Q.
298 2215 480 2263 Fulvius
505 2215 779 2280 proconsul,
801 2217 902 2274 cui,
924 2216 1094 2282 collega
1114 2235 1169 2267 ex
1200 2221 1389 2273 vulnere

107 2302 259 2349 aegro,
287 2288 480 2334 eundum
516 2289 710 2335 Romam
746 2300 867 2347 erat,
886 2304 910 2334 e
941 2289 1084 2336 tribus
1115 2293 1390 2343 exercitibus

106 2357 248 2404 milite
271 2360 412 2405 elefro
430 2396 443 2417 ,
476 2361 530 2407 ad
563 2361 822 2425 quindecim
850 2361 991 2409 millia
1014 2362 1213 2424 peditum
1229 2400 1243 2423 ‚
1267 2367 1390 2413 mille

106 2430 300 2491 equites,
320 2433 596 2479 Vulturnum
617 2434 822 2482 traducit.
843 2433 946 2482 inde
967 2451 1069 2484 cum
1090 2436 1389 2495 Hannibalem

1029 2512 1068 2553 V
1106 2525 1132 2554 2·
