1628 2890
248 91 304 137 28
605 87 1176 145 T1T1L11V11.

244 197 336 243 fita.
368 197 548 258 Itaque,
582 205 631 240 ut
661 186 954 256 improvidos
993 192 1285 258 incautosque
1316 195 1532 245 universo

244 270 370 317 simul
405 268 545 315 effuso
582 278 755 313 terrore
794 268 1102 329 opprimeret,
1136 268 1316 316 sublatis
1353 271 1534 318 ancoris

245 344 301 389 ad
320 341 493 388 hostem
522 338 661 385 vadit.
684 338 846 385 Multas
873 339 922 385 &
951 339 1067 386 locis
1087 340 1187 386 altis
1209 341 1372 404 pofitas
1390 353 1535 389 turres

245 412 456 474 Hispania
476 410 632 470 habet,
651 411 814 474 quibus
835 413 885 458 &
903 410 1094 473 speculis
1114 413 1163 458 ὅ(
1182 413 1535 477 propugnaculis

243 484 454 531 adversus
488 483 689 529 latrones
715 495 919 531 utuntur.
956 484 1060 530 inde
1086 484 1261 546 primo,
1284 487 1534 550 conspeffis

242 556 442 603 hostium
481 556 708 615 navibus,
737 557 890 604 datum
927 558 1097 623 fignum
1133 558 1399 607 Hasdrubali
1437 560 1532 616 est3

242 630 550 694 tumultusque
571 631 694 693 prius
716 631 761 677 in
782 643 898 679 terra
916 633 968 680 ὃς
993 633 1139 679 castris
1155 670 1171 690 ‚
1190 650 1324 696 quam
1342 635 1397 680 ad
1414 651 1534 681 mare

239 706 293 753 δε
309 706 364 752 ad
384 721 524 752 naves
540 741 554 763 ,
576 705 637 752 est
658 718 813 766 ortus,
834 708 1040 754 nondum
1062 720 1138 754 aut
1156 706 1286 770 pulsu
1305 724 1535 755 remorum

239 778 518 843 strepituque
544 778 633 826 alio
657 780 844 829 nautico
868 782 1084 830 exaudito
1099 818 1113 841 ‚
1133 793 1208 829 aut
1230 782 1535 845 aperientibus

243 852 421 901 claffem
460 854 826 916 promontoriis:
861 873 964 903 cum
999 869 1185 919 repente
1227 873 1385 920 eques,
1424 857 1537 904 alius

245 929 378 992 super
403 929 537 977 alium
564 930 618 977 ab
648 930 923 978 Hasdrubale
952 932 1102 980 missus
1120 970 1134 990 ‚
1154 949 1298 997 vagos
1324 934 1370 981 in
1403 933 1537 980 litore

244 1001 510 1064 quietosque
539 1003 586 1048 in
619 1001 826 1051 tentoriis
845 1002 956 1065 suis,
981 1004 1097 1052 nihil
1118 1006 1266 1053 minus
1294 1024 1427 1071 quam
1449 1006 1539 1053 ho-

245 1073 354 1120 stem
390 1086 466 1121 aut
496 1075 712 1138 proelium
747 1092 805 1123 eo
838 1077 909 1123 die
946 1078 1284 1141 exspeRantes,
1316 1079 1538 1128 conscen-

245 1148 351 1194 dere
381 1165 519 1196 naves
539 1167 734 1212 propere
761 1161 895 1214 atque
918 1168 1040 1198 arma
1065 1168 1224 1214 capere
1252 1152 1410 1213 jubet:
1433 1153 1539 1200 clas-

247 1219 338 1268 sem
377 1222 630 1269 Romanam
665 1221 752 1283 jam
782 1223 901 1269 haud
936 1224 1099 1285 procul
1129 1237 1268 1286 portu
1299 1225 1398 1273 effe.
1429 1227 1538 1273 Haec

246 1294 418 1355 equites
449 1295 608 1342 dimiffi
641 1296 794 1358 paffim
823 1296 1117 1359 imperabant.
1147 1313 1261 1343 mox
1294 1297 1541 1345 Hasdrubal

247 1365 339 1428 ipse
377 1384 476 1415 cum
514 1368 642 1416 omni
679 1370 885 1417 exercitu
919 1370 1103 1417 aderat:
1130 1370 1356 1433 varioque
1387 1371 1564 1438 omnia,

248 1441 447 1488 tumultu
478 1442 700 1504 strepunt,
725 1443 959 1490 ruentibus
980 1443 1025 1489 in
1048 1459 1187 1490 naves
1211 1443 1340 1490 simul
1357 1444 1542 1509 remigi—

248 1511 334 1558 bus
364 1513 665 1577 militibusque
682 1552 696 1572 ,
723 1514 992 1579 fugientium
1015 1514 1154 1578 magis
1185 1531 1208 1561 e
1235 1526 1376 1573 terra,
1407 1533 1543 1580 quam

250 1582 299 1630 in
336 1601 531 1649 pugnam
564 1587 768 1634 euntium
807 1587 965 1634 modo.
998 1586 1202 1634 Vixdum
1237 1604 1396 1635 omnes
1430 1605 1544 1636 con-

249 1655 542 1718 icenderant‚
562 1678 664 1708 cum
691 1661 767 1708 alii
798 1661 1009 1708 resolutis
1032 1660 1125 1709 oris
1155 1662 1201 1706 in
1221 1677 1410 1709 ancoras
1428 1679 1541 1710 eve-

250 1731 452 1790 huntur3
484 1696 585 1794 alii,
614 1753 670 1783 ne
695 1736 805 1800 quid
837 1747 1007 1794 teneat,
1042 1735 1271 1798 ancoralia
1305 1734 1544 1783 incidunt·

249 1807 503 1871 raptimque
547 1811 703 1857 omnia
751 1826 1054 1874 praepropere
1101 1793 1308 1873 agendo,
1347 1807 1544 1855 militum

252 1891 468 1940 apparatu
519 1883 697 1929 nautica
742 1882 980 1928 ministeria
1027 1880 1207 1944 impedi
1205 1891 1360 1940 intur,
1402 1879 1543 1942 trepi-

251 1950 435 1998 datione
477 1967 714 2002 nautarum
760 1971 917 2017 capere
962 1955 1013 2002 &
1056 1965 1207 2015 aptare
1255 1970 1373 2000 arma
1415 1951 1544 1998 miles

252 2024 531 2085 prohibetur.
563 2031 619 2075 Et
641 2027 725 2090 jam
762 2030 996 2075 Romanus
1020 2044 1115 2075 non
1153 2026 1544 2090 appropinquabat

253 2095 426 2153 mod0,
450 2096 523 2144 sed
544 2099 766 2147 direxerat
800 2100 934 2147 etiam
962 2100 1010 2146 in
1044 2116 1241 2162 pugnam
1270 2113 1425 2144 naves.
1458 2097 1546 2143 ita·

256 2184 345 2230 que
376 2186 476 2216 non
504 2170 560 2217 ab
593 2172 719 2219 hoste
752 2176 802 2221 δε
832 2173 1000 2236 proelio
1038 2172 1174 2235 magis
1210 2169 1371 2228 Poeni,
1408 2186 1544 2234 quam

254 2241 431 2288 suomet
451 2242 530 2305 ipfi
559 2246 755 2292 tumultu
778 2247 939 2293 turbati
958 2282 970 2304 ‚
992 2258 1160 2292 tentata
1191 2243 1344 2291 verius
1363 2259 1511 2306 pugna
1530 2278 1544 2299 ,

256 2327 390 2375 quam
422 2312 560 2372 inita,
582 2314 629 2360 in
665 2315 816 2380 fugam
848 2330 1108 2365 averterunt
1138 2314 1328 2364 classem.
1361 2316 1410 2362 &
1442 2331 1546 2361 cum

257 2384 430 2432 adversi
463 2385 605 2434 amnis
629 2403 682 2436 os
713 2389 804 2438 lato
835 2389 1010 2455 agmine
1033 2407 1084 2439 ac
1119 2401 1209 2436 tam
1241 2386 1392 2435 multis
1418 2386 1546 2434 simul
