1628 2890
193 120 280 186 138
537 110 1103 160 TITILIVII

186 225 419 293 piantique
443 238 494 269 ea
529 219 652 267 haud
685 217 816 267 facile
851 216 968 264 litari
994 214 1249 278 haruspices
1283 212 1473 278 respon-

189 302 367 349 debant.
1331 345 1335 349 ι

251 370 497 419 XXXVII.
518 369 600 414 Hae
620 366 761 415 causae
781 383 885 414 cum
900 364 1084 412 Fabium
1103 374 1334 421 tenerent,
1353 363 1475 409 Sem-

185 444 377 510 pronius
413 442 460 488 in
494 440 731 488 obsidione
770 450 896 494 erat;
933 440 982 486 &
1018 436 1108 499 jam
1138 437 1356 500 operibus
1390 452 1479 497 op·-

186 518 486 584 pugnabatur.
520 514 733 562 adversus
762 514 956 578 ligneam
995 512 1223 575 ingentem
1251 509 1479 557 admotam

185 594 318 651 urbi,
342 592 471 639 aliam
499 601 669 636 turrem
691 606 748 636 ex
779 587 876 651 ipso
906 602 1039 633 muro
1071 585 1293 632 excitavit
1323 582 1480 631 consul

186 668 452 722 Romanus,
472 663 708 727 aliquanto
728 662 934 709 altiorem
958 677 968 706 ε
998 659 1102 724 quia
1123 673 1256 704 muro
1284 655 1384 702 satis
1402 671 1480 718 per

187 739 230 787 se
260 738 354 784 aito
386 736 590 798 subjeffis
615 735 779 783 validis
811 732 988 780 sublicis
1008 747 1094 794 pro
1123 729 1222 776 solo
1242 728 1344 776 usus
1373 739 1482 774 erat.

187 812 294 859 :inde
313 811 509 875 primum
527 809 641 857 saxis
656 841 671 864 ,
691 806 983 870 sudibusque,
1003 806 1054 851 δέ
1076 803 1231 850 ceteris
1250 801 1482 848 missilibus

189 897 552 949 propugnatores
579 881 749 930 moenia
774 895 910 944 atque
934 879 1092 925 urbem
1110 875 1370 922 tuebantur:
1392 890 1480 936 po-

188 959 355 1006 stremo
367 995 381 1017 ,
400 958 477 1004 ubi
502 955 828 1020 promovendo
850 952 1099 1014 adjun&am
1119 965 1252 996 muro
1268 948 1483 993 viderunt

190 1044 386 1088 turrem,
418 1030 591 1077 facibus
617 1027 879 1076 ardentibus
909 1023 1154 1087 plurimum
1181 1018 1310 1066 simul
1334 1017 1482 1082 ignem

189 1103 502 1165 conjecerunt.
527 1118 620 1166 quo
641 1100 856 1147 incendio
877 1096 1051 1160 trepida
1070 1106 1345 1143 armatorum
1361 1093 1483 1140 mul-

188 1177 340 1225 titudo
372 1193 473 1224 cum
510 1176 563 1222 de
583 1187 704 1221 turre
733 1172 820 1219 sese
852 1170 1155 1235 praecipitaret
1175 1204 1188 1227 ,
1221 1165 1400 1230 eruptio
1428 1181 1484 1211 ex

189 1250 368 1315 oppido
387 1249 513 1297 simul
533 1249 704 1296 duabus
722 1247 869 1311 portis
892 1244 1107 1292 stationes
1126 1241 1324 1289 hostium
1343 1238 1483 1292 fudit,

188 1324 457 1387 fisgavitque
477 1324 524 1368 in
547 1321 717 1378 castra,
751 1333 800 1366 ut
825 1337 882 1367 eo
913 1319 983 1366 die
1008 1317 1213 1375 obsesso,
1242 1332 1376 1379 quam
1397 1314 1485 1360 ob—

190 1396 351 1443 :fidenti
364 1433 377 1454 ,
393 1395 584 1442 similior
604 1394 709 1441 effet
729 1395 915 1439 Poenus.
941 1390 1012 1437 Ad
1030 1389 1152 1437 mille
1170 1386 1360 1435 trecenti
1374 1387 1486 1432 Car-
1547 1435 1551 1438 ⁴

190 1469 535 1534 thaginienfium
575 1466 673 1514 caefi
694 1501 708 1524 ‚
740 1467 791 1513 &
823 1462 1171 1525 undesexaginta
1201 1459 1305 1508 vivi
1338 1458 1485 1521 capti,

190 1543 301 1608 qui,
336 1542 455 1590 circa
477 1555 637 1587 muros
668 1537 784 1585 &in
805 1535 1072 1584 stationibus
1102 1534 1246 1581 solute
1267 1550 1318 1580 ac
1345 1530 1485 1595 negli-

189 1628 348 1681 genter
375 1626 590 1679 agentes,
624 1629 726 1659 cum
757 1610 872 1657 nihil
901 1609 1076 1666 minus,
1108 1624 1243 1670 quam
1279 1606 1484 1668 eruptio-

190 1706 326 1748 nem,
359 1686 606 1734 timuissent
628 1720 641 1743 ‚
678 1701 735 1730 ex
771 1681 1027 1746 improviso
1068 1679 1262 1743 oppressi
1296 1677 1483 1724 fuerant.

192 1763 460 1820 Gracchus,
494 1759 752 1823 priusquam
790 1756 831 1803 se
859 1755 1008 1803 hostes
1041 1755 1096 1801 ab
1131 1753 1371 1817 repentino
1410 1769 1484 1814 pa·

191 1854 310 1884 vore
342 1832 875 1899 colligerent,'receptui
907 1831 1080 1894 fignum
1115 1829 1266 1886 dedit,
1297 1844 1346 1873 ac
1381 1825 1484 1873 suos

190 1910 311 1958 intra
339 1926 493 1957 muros
528 1907 711 1970 recepit.
751 1906 936 1952 Postero
965 1905 1034 1950 die
1058 1902 1307 1960 Hannibal,
1332 1901 1485 1948 laetum

192 1984 390 2032 secunda
430 2000 477 2030 re
512 1981 744 2030 consulem
777 1979 893 2042 justo
930 1978 1097 2043 proelio
1135 1989 1255 2023 ratus
1292 1986 1485 2022 certatu-

192 2075 321 2117 rum,
343 2057 483 2105 aciem
510 2057 627 2103 inter
655 2055 790 2102 castra
814 2066 947 2117 atque
976 2053 1130 2098 urbem
1161 2047 1385 2096 instruxit.
1416 2063 1487 2094 ce-

193 2143 341 2177 terum
371 2131 607 2194 postquam
638 2128 865 2176 neminem
895 2125 1073 2173 moveri
1102 2125 1158 2170 ab
1186 2123 1313 2170 solita
1339 2122 1486 2170 custo-

192 2202 266 2249 dia
294 2203 415 2250 urbis
436 2202 578 2259 vidit,
610 2218 694 2247 nec
720 2198 944 2247 committi
973 2197 1220 2261 quidquam
1239 2193 1486 2242 temerariae

193 2275 315 2338 spei,
343 2276 399 2323 ad
422 2275 572 2322 Tifata
593 2274 710 2321 redit
729 2274 891 2320 infesta
919 2290 983 2321 re.
1011 2272 1192 2333 Quibus
1216 2269 1372 2315 diebus
1388 2269 1486 2314 Cu·—

195 2365 284 2395 mae
319 2348 518 2395 liberatae
549 2348 646 2393 sunt
682 2346 949 2403 obsidione,
982 2344 1135 2391 iisdem
1170 2342 1324 2388 diebus
1358 2341 1408 2387 &
1440 2339 1486 2385 in

196 2421 389 2469 Lucanis
416 2421 472 2469 ad
498 2422 800 2467 Grumentum
819 2419 892 2466 Ti.
917 2416 1239 2482 Sempronius,
1269 2413 1343 2463 cui
1366 2415 1487 2460 Lon·

1621 2251 1628 2624 ἰ
