<?xml version="1.0" encoding="UTF-8"?>
<!DOCTYPE html PUBLIC "-//W3C//DTD XHTML 1.0 Transitional//EN"
    "http://www.w3.org/TR/xhtml1/DTD/xhtml1-transitional.dtd">
<html xmlns="http://www.w3.org/1999/xhtml" xml:lang="en" lang="en">
 <head>
  <title>
</title>
<meta http-equiv="Content-Type" content="text/html;charset=utf-8" />
  <meta name='ocr-system' content='tesseract 3.04.00' />
  <meta name='ocr-capabilities' content='ocr_page ocr_carea ocr_par ocr_line ocrx_word'/>
</head>
<body>
  <div class='ocr_page' id='page_1' title='image "./historiarumlibri04livyuoft_0165.png"; bbox 0 0 1628 2890; ppageno 0'>
   <div class='ocr_carea' id='block_1_1' title="bbox 188 177 1360 242">
    <p class='ocr_par' dir='ltr' id='par_1_1' title="bbox 188 177 1360 242">
     <span class='ocr_line' id='line_1_1' title="bbox 188 177 1360 242; baseline -0.006 -13"><span class='ocrx_word' id='word_1_1' title='bbox 188 181 314 228; x_wconf 72' lang='lat' dir='ltr'><strong>Tm</strong></span> <span class='ocrx_word' id='word_1_2' title='bbox 348 180 487 227; x_wconf 73' lang='lat' dir='ltr'><strong>mvn</strong></span> <span class='ocrx_word' id='word_1_3' title='bbox 516 177 861 226; x_wconf 81' lang='lat' dir='ltr'><strong>HISTORIAR.</strong></span> <span class='ocrx_word' id='word_1_4' title='bbox 893 178 996 225; x_wconf 66' lang='grc' dir='ltr'><strong>ΠΒ.</strong></span> <span class='ocrx_word' id='word_1_5' title='bbox 1024 178 1198 225; x_wconf 81' lang='lat' dir='ltr'><strong>XXIV.</strong></span> <span class='ocrx_word' id='word_1_6' title='bbox 1271 191 1360 242; x_wconf 81' lang='lat'><strong>157</strong></span> 
     </span>
    </p>
   </div>
   <div class='ocr_carea' id='block_1_2' title="bbox 60 294 1372 1661">
    <p class='ocr_par' dir='ltr' id='par_1_2' title="bbox 60 294 1372 1661">
     <span class='ocr_line' id='line_1_2' title="bbox 74 294 1359 418; baseline -0.005 -12"><span class='ocrx_word' id='word_1_7' title='bbox 74 358 108 406; x_wconf 82' lang='lat' dir='ltr'><strong>l.</strong></span> <span class='ocrx_word' id='word_1_8' title='bbox 144 294 313 410; x_wconf 67' lang='lat' dir='ltr'><strong>UT</strong></span> <span class='ocrx_word' id='word_1_9' title='bbox 345 372 401 401; x_wconf 78' lang='lat' dir='ltr'><strong>ex</strong></span> <span class='ocrx_word' id='word_1_10' title='bbox 436 353 684 418; x_wconf 81' lang='lat' dir='ltr'>Campania</span> <span class='ocrx_word' id='word_1_11' title='bbox 719 353 766 400; x_wconf 90' lang='lat' dir='ltr'><strong>in</strong></span> <span class='ocrx_word' id='word_1_12' title='bbox 805 353 1005 400; x_wconf 87' lang='lat' dir='ltr'><strong>Bruttios</strong></span> <span class='ocrx_word' id='word_1_13' title='bbox 1041 353 1234 400; x_wconf 82' lang='lat' dir='ltr'><strong>reditum</strong></span> <span class='ocrx_word' id='word_1_14' title='bbox 1267 353 1359 413; x_wconf 89' lang='lat' dir='ltr'><strong>est,</strong></span> 
     </span>
     <span class='ocr_line' id='line_1_3' title="bbox 76 425 1360 490; baseline -0.003 -13"><span class='ocrx_word' id='word_1_15' title='bbox 76 433 273 487; x_wconf 83' lang='lat' dir='ltr'><strong>Hanno,</strong></span> <span class='ocrx_word' id='word_1_16' title='bbox 308 428 589 490; x_wconf 78' lang='lat' dir='ltr'><strong>adjutoribus</strong></span> <span class='ocrx_word' id='word_1_17' title='bbox 623 429 673 474; x_wconf 84' lang='lat'>&amp;</span> <span class='ocrx_word' id='word_1_18' title='bbox 708 426 896 472; x_wconf 79' lang='lat' dir='ltr'><strong>ducibus</strong></span> <span class='ocrx_word' id='word_1_19' title='bbox 926 425 1144 485; x_wconf 86' lang='lat' dir='ltr'><strong>Bruttiis,</strong></span> <span class='ocrx_word' id='word_1_20' title='bbox 1177 428 1360 474; x_wconf 83' lang='lat' dir='ltr'><strong>Graecas</strong></span> 
     </span>
     <span class='ocr_line' id='line_1_4' title="bbox 75 498 1360 559; baseline -0.003 -9"><span class='ocrx_word' id='word_1_21' title='bbox 75 504 207 557; x_wconf 80' lang='lat' dir='ltr'><strong>urbes</strong></span> <span class='ocrx_word' id='word_1_22' title='bbox 242 501 437 549; x_wconf 73' lang='lat' dir='ltr'><strong>tentavit</strong></span> <span class='ocrx_word' id='word_1_23' title='bbox 460 537 475 559; x_wconf 89' lang='lat'><strong>,</strong></span> <span class='ocrx_word' id='word_1_24' title='bbox 504 516 560 547; x_wconf 89' lang='lat' dir='ltr'><strong>eo</strong></span> <span class='ocrx_word' id='word_1_25' title='bbox 593 498 766 546; x_wconf 83' lang='lat' dir='ltr'>facilius</span> <span class='ocrx_word' id='word_1_26' title='bbox 799 500 858 545; x_wconf 89' lang='lat' dir='ltr'><strong>in-</strong></span> <span class='ocrx_word' id='word_1_27' title='bbox 881 499 1092 547; x_wconf 88' lang='lat' dir='ltr'><strong>societate</strong></span> <span class='ocrx_word' id='word_1_28' title='bbox 1129 512 1360 547; x_wconf 82' lang='lat' dir='ltr'><strong>manentes</strong></span> 
     </span>
     <span class='ocr_line' id='line_1_5' title="bbox 76 572 1364 637; baseline -0.002 -15"><span class='ocrx_word' id='word_1_29' title='bbox 76 577 281 622; x_wconf 83' lang='lat' dir='ltr'><strong>Romana</strong></span> <span class='ocrx_word' id='word_1_30' title='bbox 302 610 316 633; x_wconf 84' lang='lat'><strong>,</strong></span> <span class='ocrx_word' id='word_1_31' title='bbox 343 574 470 637; x_wconf 71' lang='lat' dir='ltr'><strong>quod</strong></span> <span class='ocrx_word' id='word_1_32' title='bbox 488 572 709 630; x_wconf 80' lang='lat' dir='ltr'><strong>Bruttios,</strong></span> <span class='ocrx_word' id='word_1_33' title='bbox 731 589 847 636; x_wconf 86' lang='lat' dir='ltr'><strong>quos</strong></span> <span class='ocrx_word' id='word_1_34' title='bbox 870 575 919 621; x_wconf 87' lang='lat'>&amp;</span> <span class='ocrx_word' id='word_1_35' title='bbox 942 572 1131 619; x_wconf 83' lang='lat' dir='ltr'><strong>oderant</strong></span> <span class='ocrx_word' id='word_1_36' title='bbox 1146 609 1160 630; x_wconf 90' lang='lat'><strong>,</strong></span> <span class='ocrx_word' id='word_1_37' title='bbox 1191 574 1240 620; x_wconf 88' lang='lat'>&amp;</span> <span class='ocrx_word' id='word_1_38' title='bbox 1265 589 1364 620; x_wconf 89' lang='lat' dir='ltr'><strong>me·-</strong></span> 
     </span>
     <span class='ocr_line' id='line_1_6' title="bbox 75 644 1362 708; baseline -0.002 -14"><span class='ocrx_word' id='word_1_39' title='bbox 75 648 290 705; x_wconf 83' lang='lat' dir='ltr'><strong>tuebant,</strong></span> <span class='ocrx_word' id='word_1_40' title='bbox 320 644 753 708; x_wconf 67' lang='lat' dir='ltr'><strong>Carthaginiensium</strong></span> <span class='ocrx_word' id='word_1_41' title='bbox 780 644 918 706; x_wconf 85' lang='lat' dir='ltr'><strong>partis</strong></span> <span class='ocrx_word' id='word_1_42' title='bbox 947 644 1083 690; x_wconf 59' lang='lat' dir='ltr'><strong>factos</strong></span> <span class='ocrx_word' id='word_1_43' title='bbox 1106 645 1362 692; x_wconf 80' lang='lat' dir='ltr'><strong>cernebant.</strong></span> 
     </span>
     <span class='ocr_line' id='line_1_7' title="bbox 60 709 1365 785; baseline -0.002 -17"><span class='ocrx_word' id='word_1_44' title='bbox 60 721 301 785; x_wconf 67' lang='lat' dir='ltr'><strong>Rhegium</strong></span> <span class='ocrx_word' id='word_1_45' title='bbox 330 721 522 784; x_wconf 70' lang='lat' dir='ltr'><strong>primum</strong></span> <span class='ocrx_word' id='word_1_46' title='bbox 542 709 764 766; x_wconf 86' lang='lat' dir='ltr'><strong>tentatum</strong></span> <span class='ocrx_word' id='word_1_47' title='bbox 792 717 882 777; x_wconf 85' lang='lat' dir='ltr'><strong>est,</strong></span> <span class='ocrx_word' id='word_1_48' title='bbox 911 718 1088 781; x_wconf 80' lang='lat' dir='ltr'><strong>diesque</strong></span> <span class='ocrx_word' id='word_1_49' title='bbox 1107 719 1284 781; x_wconf 76' lang='lat' dir='ltr'>aliquot</span> <span class='ocrx_word' id='word_1_50' title='bbox 1301 718 1365 765; x_wconf 89' lang='lat' dir='ltr'><strong>ibi</strong></span> 
     </span>
     <span class='ocr_line' id='line_1_8' title="bbox 76 791 1368 859; baseline -0.004 -16"><span class='ocrx_word' id='word_1_51' title='bbox 76 796 384 859; x_wconf 70' lang='lat' dir='ltr'><strong>nequidquam</strong></span> <span class='ocrx_word' id='word_1_52' title='bbox 420 793 623 841; x_wconf 88' lang='lat' dir='ltr'><strong>absumti.</strong></span> <span class='ocrx_word' id='word_1_53' title='bbox 661 791 846 839; x_wconf 84' lang='lat' dir='ltr'><strong>Interim</strong></span> <span class='ocrx_word' id='word_1_54' title='bbox 881 791 1128 838; x_wconf 88' lang='lat' dir='ltr'><strong>Locrenses</strong></span> <span class='ocrx_word' id='word_1_55' title='bbox 1163 791 1368 838; x_wconf 88' lang='lat' dir='ltr'><strong>frumen-</strong></span> 
     </span>
     <span class='ocr_line' id='line_1_9' title="bbox 77 863 1367 932; baseline -0.004 -17"><span class='ocrx_word' id='word_1_56' title='bbox 77 879 174 915; x_wconf 85' lang='lat' dir='ltr'><strong>tum</strong></span> <span class='ocrx_word' id='word_1_57' title='bbox 191 906 203 927; x_wconf 87' lang='lat'><strong>,</strong></span> <span class='ocrx_word' id='word_1_58' title='bbox 231 869 467 932; x_wconf 72' lang='lat' dir='ltr'><strong>lignaque,</strong></span> <span class='ocrx_word' id='word_1_59' title='bbox 503 869 552 914; x_wconf 70' lang='grc' dir='ltr'><strong>δε</strong></span> <span class='ocrx_word' id='word_1_60' title='bbox 580 876 727 913; x_wconf 85' lang='lat' dir='ltr'><strong>cetera</strong></span> <span class='ocrx_word' id='word_1_61' title='bbox 753 863 987 913; x_wconf 71' lang='lat' dir='ltr'><strong>necessaria</strong></span> <span class='ocrx_word' id='word_1_62' title='bbox 1005 863 1153 910; x_wconf 76' lang='lat' dir='ltr'><strong>usibus</strong></span> <span class='ocrx_word' id='word_1_63' title='bbox 1180 880 1236 910; x_wconf 80' lang='lat' dir='ltr'><strong>ex</strong></span> <span class='ocrx_word' id='word_1_64' title='bbox 1252 863 1367 927; x_wconf 81' lang='lat' dir='ltr'><strong>agris</strong></span> 
     </span>
     <span class='ocr_line' id='line_1_10' title="bbox 79 933 1367 1002; baseline -0.004 -15"><span class='ocrx_word' id='word_1_65' title='bbox 79 941 130 988; x_wconf 83' lang='lat' dir='ltr'><strong>in</strong></span> <span class='ocrx_word' id='word_1_66' title='bbox 160 940 317 986; x_wconf 84' lang='lat' dir='ltr'><strong>urbem</strong></span> <span class='ocrx_word' id='word_1_67' title='bbox 349 955 534 1002; x_wconf 85' lang='lat' dir='ltr'><strong>rapere,</strong></span> <span class='ocrx_word' id='word_1_68' title='bbox 569 936 704 983; x_wconf 87' lang='lat' dir='ltr'><strong>etiam</strong></span> <span class='ocrx_word' id='word_1_69' title='bbox 740 952 796 983; x_wconf 90' lang='lat' dir='ltr'><strong>ne</strong></span> <span class='ocrx_word' id='word_1_70' title='bbox 813 934 935 1000; x_wconf 61' lang='lat' dir='ltr'><strong>xquid</strong></span> <span class='ocrx_word' id='word_1_71' title='bbox 969 933 1170 981; x_wconf 56' lang='lat' dir='ltr'><strong>relifftum</strong></span> <span class='ocrx_word' id='word_1_72' title='bbox 1205 936 1367 997; x_wconf 79' lang='lat' dir='ltr'><strong>praedae</strong></span> 
     </span>
     <span class='ocr_line' id='line_1_11' title="bbox 77 1007 1366 1071; baseline -0.004 -11"><span class='ocrx_word' id='word_1_73' title='bbox 77 1013 282 1060; x_wconf 79' lang='lat' dir='ltr'><strong>hostibus</strong></span> <span class='ocrx_word' id='word_1_74' title='bbox 314 1013 446 1059; x_wconf 75' lang='lat' dir='ltr'><strong>esset:</strong></span> <span class='ocrx_word' id='word_1_75' title='bbox 481 1014 530 1059; x_wconf 85' lang='lat'>&amp;</span> <span class='ocrx_word' id='word_1_76' title='bbox 564 1010 611 1057; x_wconf 87' lang='lat' dir='ltr'><strong>in</strong></span> <span class='ocrx_word' id='word_1_77' title='bbox 653 1011 744 1057; x_wconf 90' lang='lat' dir='ltr'><strong>dies</strong></span> <span class='ocrx_word' id='word_1_78' title='bbox 786 1008 934 1071; x_wconf 83' lang='lat' dir='ltr'><strong>major</strong></span> <span class='ocrx_word' id='word_1_79' title='bbox 967 1007 1179 1055; x_wconf 84' lang='lat' dir='ltr'><strong>omnibus</strong></span> <span class='ocrx_word' id='word_1_80' title='bbox 1223 1009 1366 1071; x_wconf 85' lang='lat' dir='ltr'><strong>portis</strong></span> 
     </span>
     <span class='ocr_line' id='line_1_12' title="bbox 77 1081 1366 1147; baseline -0.005 -13"><span class='ocrx_word' id='word_1_81' title='bbox 77 1087 326 1134; x_wconf 83' lang='lat' dir='ltr'><strong>multitudo</strong></span> <span class='ocrx_word' id='word_1_82' title='bbox 356 1085 540 1133; x_wconf 77' lang='lat' dir='ltr'><strong>effundi.</strong></span> <span class='ocrx_word' id='word_1_83' title='bbox 574 1084 804 1147; x_wconf 88' lang='lat' dir='ltr'><strong>postremo</strong></span> <span class='ocrx_word' id='word_1_84' title='bbox 825 1082 857 1129; x_wconf 90' lang='lat' dir='ltr'><strong>ii</strong></span> <span class='ocrx_word' id='word_1_85' title='bbox 883 1082 1026 1129; x_wconf 91' lang='lat' dir='ltr'><strong>modo</strong></span> <span class='ocrx_word' id='word_1_86' title='bbox 1054 1081 1193 1128; x_wconf 71' lang='lat' dir='ltr'><strong>reliffi</strong></span> <span class='ocrx_word' id='word_1_87' title='bbox 1215 1082 1263 1128; x_wconf 87' lang='lat' dir='ltr'><strong>in</strong></span> <span class='ocrx_word' id='word_1_88' title='bbox 1292 1100 1366 1129; x_wconf 88' lang='lat' dir='ltr'><strong>ur-</strong></span> 
     </span>
     <span class='ocr_line' id='line_1_13' title="bbox 77 1153 1366 1221; baseline -0.004 -16"><span class='ocrx_word' id='word_1_89' title='bbox 77 1159 136 1209; x_wconf 83' lang='lat' dir='ltr'><strong>be</strong></span> <span class='ocrx_word' id='word_1_90' title='bbox 156 1170 305 1216; x_wconf 80' lang='lat' dir='ltr'><strong>erant,</strong></span> <span class='ocrx_word' id='word_1_91' title='bbox 332 1158 410 1221; x_wconf 78' lang='lat' dir='ltr'><strong>qui</strong></span> <span class='ocrx_word' id='word_1_92' title='bbox 433 1154 615 1203; x_wconf 87' lang='lat' dir='ltr'><strong>reficere</strong></span> <span class='ocrx_word' id='word_1_93' title='bbox 635 1171 790 1201; x_wconf 86' lang='lat' dir='ltr'><strong>muros</strong></span> <span class='ocrx_word' id='word_1_94' title='bbox 818 1171 869 1202; x_wconf 88' lang='lat' dir='ltr'><strong>ac</strong></span> <span class='ocrx_word' id='word_1_95' title='bbox 898 1165 1081 1217; x_wconf 78' lang='lat' dir='ltr'><strong>por‚tas</strong></span> <span class='ocrx_word' id='word_1_96' title='bbox 1105 1153 1329 1216; x_wconf 77' lang='lat' dir='ltr'><strong>telaque</strong></span> <span class='ocrx_word' id='word_1_97' title='bbox 1318 1171 1366 1200; x_wconf 86' lang='lat' dir='ltr'><strong>ln</strong></span> 
     </span>
     <span class='ocr_line' id='line_1_14' title="bbox 76 1194 1366 1296; baseline -0.005 -18"><span class='ocrx_word' id='word_1_98' title='bbox 76 1194 420 1296; x_wconf 71' lang='lat' dir='ltr'><strong>propugnacula</strong></span> <span class='ocrx_word' id='word_1_99' title='bbox 449 1245 693 1293; x_wconf 72' lang='lat' dir='ltr'><strong>congerere</strong></span> <span class='ocrx_word' id='word_1_100' title='bbox 714 1228 1007 1291; x_wconf 79' lang='lat' dir='ltr'><strong>cogebantur.</strong></span> <span class='ocrx_word' id='word_1_101' title='bbox 1026 1229 1076 1272; x_wconf 91' lang='lat' dir='ltr'><strong>In</strong></span> <span class='ocrx_word' id='word_1_102' title='bbox 1096 1225 1366 1291; x_wconf 76' lang='lat' dir='ltr'><strong>permixtam</strong></span> 
     </span>
     <span class='ocr_line' id='line_1_15' title="bbox 79 1269 1368 1365; baseline -0.002 -15"><span class='ocrx_word' id='word_1_103' title='bbox 79 1304 289 1351; x_wconf 87' lang='lat' dir='ltr'><strong>omnium</strong></span> <span class='ocrx_word' id='word_1_104' title='bbox 334 1315 513 1349; x_wconf 78' lang='lat' dir='ltr'><strong>aetatum</strong></span> <span class='ocrx_word' id='word_1_105' title='bbox 543 1269 863 1365; x_wconf 69' lang='lat' dir='ltr'><strong>0ordinumque</strong></span> <span class='ocrx_word' id='word_1_106' title='bbox 899 1299 1269 1358; x_wconf 79' lang='lat' dir='ltr'><strong>multitudinem,</strong></span> <span class='ocrx_word' id='word_1_107' title='bbox 1317 1301 1368 1347; x_wconf 82' lang='lat'><strong>&amp;.</strong></span> 
     </span>
     <span class='ocr_line' id='line_1_16' title="bbox 78 1375 1371 1440; baseline -0.002 -16"><span class='ocrx_word' id='word_1_108' title='bbox 78 1394 156 1425; x_wconf 78' lang='lat' dir='ltr'><strong>va</strong></span> <span class='ocrx_word' id='word_1_109' title='bbox 146 1389 323 1426; x_wconf 66' lang='lat' dir='ltr'><strong>tantem</strong></span> <span class='ocrx_word' id='word_1_110' title='bbox 359 1377 405 1422; x_wconf 89' lang='lat' dir='ltr'><strong>in</strong></span> <span class='ocrx_word' id='word_1_111' title='bbox 435 1376 550 1440; x_wconf 82' lang='lat' dir='ltr'><strong>agris</strong></span> <span class='ocrx_word' id='word_1_112' title='bbox 579 1393 736 1439; x_wconf 79' lang='lat' dir='ltr'><strong>magna</strong></span> <span class='ocrx_word' id='word_1_113' title='bbox 757 1392 812 1422; x_wconf 80' lang='lat' dir='ltr'><strong>ex</strong></span> <span class='ocrx_word' id='word_1_114' title='bbox 845 1386 971 1438; x_wconf 87' lang='lat' dir='ltr'><strong>parte</strong></span> <span class='ocrx_word' id='word_1_115' title='bbox 992 1375 1238 1433; x_wconf 81' lang='lat' dir='ltr'><strong>inermem,</strong></span> <span class='ocrx_word' id='word_1_116' title='bbox 1276 1375 1371 1421; x_wconf 83' lang='lat' dir='ltr'><strong>Ha-</strong></span> 
     </span>
     <span class='ocr_line' id='line_1_17' title="bbox 79 1447 1372 1512; baseline -0.003 -14"><span class='ocrx_word' id='word_1_117' title='bbox 79 1450 239 1498; x_wconf 85' lang='lat' dir='ltr'><strong>milcar</strong></span> <span class='ocrx_word' id='word_1_118' title='bbox 272 1451 441 1509; x_wconf 84' lang='lat' dir='ltr'><strong>Poenus</strong></span> <span class='ocrx_word' id='word_1_119' title='bbox 473 1450 645 1512; x_wconf 82' lang='lat' dir='ltr'><strong>equites</strong></span> <span class='ocrx_word' id='word_1_120' title='bbox 675 1449 846 1504; x_wconf 79' lang='lat' dir='ltr'><strong>emisit3</strong></span> <span class='ocrx_word' id='word_1_121' title='bbox 880 1448 986 1512; x_wconf 88' lang='lat' dir='ltr'><strong>qui,</strong></span> <span class='ocrx_word' id='word_1_122' title='bbox 1017 1447 1196 1495; x_wconf 84' lang='lat' dir='ltr'><strong>violare</strong></span> <span class='ocrx_word' id='word_1_123' title='bbox 1229 1464 1372 1511; x_wconf 85' lang='lat' dir='ltr'><strong>quen-</strong></span> 
     </span>
     <span class='ocr_line' id='line_1_18' title="bbox 79 1520 1371 1588; baseline -0.003 -16"><span class='ocrx_word' id='word_1_124' title='bbox 79 1541 216 1588; x_wconf 82' lang='lat' dir='ltr'><strong>quam</strong></span> <span class='ocrx_word' id='word_1_125' title='bbox 237 1524 396 1583; x_wconf 84' lang='lat' dir='ltr'><strong>vetiti,</strong></span> <span class='ocrx_word' id='word_1_126' title='bbox 427 1536 599 1570; x_wconf 87' lang='lat' dir='ltr'><strong>tantum</strong></span> <span class='ocrx_word' id='word_1_127' title='bbox 616 1559 630 1583; x_wconf 91' lang='lat'><strong>,</strong></span> <span class='ocrx_word' id='word_1_128' title='bbox 664 1536 715 1569; x_wconf 88' lang='lat' dir='ltr'><strong>ut</strong></span> <span class='ocrx_word' id='word_1_129' title='bbox 742 1522 1031 1570; x_wconf 70' lang='lat' dir='ltr'><strong>excluderent</strong></span> <span class='ocrx_word' id='word_1_130' title='bbox 1061 1521 1115 1567; x_wconf 83' lang='lat' dir='ltr'><strong>ab</strong></span> <span class='ocrx_word' id='word_1_131' title='bbox 1138 1521 1247 1567; x_wconf 81' lang='lat' dir='ltr'><strong>urbe</strong></span> <span class='ocrx_word' id='word_1_132' title='bbox 1267 1520 1371 1585; x_wconf 81' lang='lat' dir='ltr'><strong>fuga</strong></span> 
     </span>
     <span class='ocr_line' id='line_1_19' title="bbox 80 1592 1372 1661; baseline -0.004 -16"><span class='ocrx_word' id='word_1_133' title='bbox 80 1598 337 1661; x_wconf 81' lang='lat' dir='ltr'><strong>diffipatos,</strong></span> <span class='ocrx_word' id='word_1_134' title='bbox 358 1611 526 1644; x_wconf 82' lang='lat' dir='ltr'><strong>turmas</strong></span> <span class='ocrx_word' id='word_1_135' title='bbox 551 1595 774 1658; x_wconf 67' lang='lat' dir='ltr'><strong>objecere.</strong></span> <span class='ocrx_word' id='word_1_136' title='bbox 810 1596 925 1642; x_wconf 70' lang='lat' dir='ltr'><strong>Dux</strong></span> <span class='ocrx_word' id='word_1_137' title='bbox 958 1594 1049 1656; x_wconf 76' lang='lat' dir='ltr'><strong>ipse</strong></span> <span class='ocrx_word' id='word_1_138' title='bbox 1068 1630 1082 1652; x_wconf 81' lang='lat'><strong>,</strong></span> <span class='ocrx_word' id='word_1_139' title='bbox 1115 1594 1225 1640; x_wconf 93' lang='lat' dir='ltr'><strong>loco</strong></span> <span class='ocrx_word' id='word_1_140' title='bbox 1246 1592 1372 1656; x_wconf 86' lang='lat' dir='ltr'><strong>supe-</strong></span> 
     </span>
    </p>
   </div>
   <div class='ocr_carea' id='block_1_3' title="bbox 0 1665 1372 1735">
    <p class='ocr_par' dir='ltr' id='par_1_3' title="bbox 0 1665 1372 1735">
     <span class='ocr_line' id='line_1_20' title="bbox 0 1665 1372 1735; baseline -0.005 -16"><span class='ocrx_word' id='word_1_141' title='bbox 0 1689 18 1710; x_wconf 59' lang='lat'><em>«</em></span> <span class='ocrx_word' id='word_1_142' title='bbox 80 1671 202 1719; x_wconf 81' lang='lat' dir='ltr'><strong>riore</strong></span> <span class='ocrx_word' id='word_1_143' title='bbox 234 1684 366 1735; x_wconf 79' lang='lat' dir='ltr'><strong>capto</strong></span> <span class='ocrx_word' id='word_1_144' title='bbox 384 1707 399 1729; x_wconf 88' lang='lat'><strong>,</strong></span> <span class='ocrx_word' id='word_1_145' title='bbox 433 1670 550 1716; x_wconf 80' lang='lat' dir='ltr'><strong>uncle</strong></span> <span class='ocrx_word' id='word_1_146' title='bbox 577 1685 709 1733; x_wconf 78' lang='lat' dir='ltr'><strong>agros</strong></span> <span class='ocrx_word' id='word_1_147' title='bbox 736 1668 986 1732; x_wconf 83' lang='lat' dir='ltr'><strong>urbemque</strong></span> <span class='ocrx_word' id='word_1_148' title='bbox 1009 1666 1152 1731; x_wconf 74' lang='lat' dir='ltr'><strong>posset</strong></span> <span class='ocrx_word' id='word_1_149' title='bbox 1187 1665 1372 1730; x_wconf 81' lang='lat' dir='ltr'><strong>conspi-</strong></span> 
     </span>
    </p>
   </div>
   <div class='ocr_carea' id='block_1_4' title="bbox 46 1737 1402 2544">
    <p class='ocr_par' dir='ltr' id='par_1_4' title="bbox 46 1737 1402 2544">
     <span class='ocr_line' id='line_1_21' title="bbox 82 1737 1402 1805; baseline -0.006 -11"><span class='ocrx_word' id='word_1_150' title='bbox 82 1763 185 1795; x_wconf 88' lang='lat' dir='ltr'><strong>cere</strong></span> <span class='ocrx_word' id='word_1_151' title='bbox 206 1784 221 1805; x_wconf 88' lang='lat'><strong>,</strong></span> <span class='ocrx_word' id='word_1_152' title='bbox 256 1746 540 1794; x_wconf 85' lang='lat' dir='ltr'><strong>Bruttiorum</strong></span> <span class='ocrx_word' id='word_1_153' title='bbox 577 1743 816 1791; x_wconf 87' lang='lat' dir='ltr'><strong>cohortem</strong></span> <span class='ocrx_word' id='word_1_154' title='bbox 845 1737 967 1790; x_wconf 83' lang='lat' dir='ltr'><strong>adire</strong></span> <span class='ocrx_word' id='word_1_155' title='bbox 1008 1758 1162 1788; x_wconf 85' lang='lat' dir='ltr'><strong>muros</strong></span> <span class='ocrx_word' id='word_1_156' title='bbox 1183 1777 1196 1798; x_wconf 89' lang='lat'><strong>,</strong></span> <span class='ocrx_word' id='word_1_157' title='bbox 1235 1754 1371 1804; x_wconf 85' lang='lat' dir='ltr'><strong>atque</strong></span> <span class='ocrx_word' id='word_1_158' title='bbox 1396 1746 1402 1751; x_wconf 81' lang='grc'><strong>“</strong></span> 
     </span>
     <span class='ocr_line' id='line_1_22' title="bbox 46 1812 1374 1881; baseline -0.005 -14"><span class='ocrx_word' id='word_1_159' title='bbox 46 1844 50 1848; x_wconf 87' lang='lat'><strong>·</strong></span> <span class='ocrx_word' id='word_1_160' title='bbox 81 1836 282 1872; x_wconf 83' lang='lat' dir='ltr'><strong>evocare</strong></span> <span class='ocrx_word' id='word_1_161' title='bbox 310 1818 539 1881; x_wconf 84' lang='lat' dir='ltr'><strong>principes</strong></span> <span class='ocrx_word' id='word_1_162' title='bbox 567 1817 857 1864; x_wconf 75' lang='lat' dir='ltr'><strong>Locrensium</strong></span> <span class='ocrx_word' id='word_1_163' title='bbox 889 1817 945 1862; x_wconf 87' lang='lat' dir='ltr'><strong>ad</strong></span> <span class='ocrx_word' id='word_1_164' title='bbox 975 1814 1259 1878; x_wconf 84' lang='lat' dir='ltr'><strong>colloquium</strong></span> <span class='ocrx_word' id='word_1_165' title='bbox 1282 1812 1374 1875; x_wconf 81' lang='lat' dir='ltr'><strong>jus-</strong></span> 
     </span>
     <span class='ocr_line' id='line_1_23' title="bbox 82 1882 1374 1956; baseline -0.007 -14"><span class='ocrx_word' id='word_1_166' title='bbox 82 1894 166 1953; x_wconf 80' lang='lat' dir='ltr'><strong>sit,</strong></span> <span class='ocrx_word' id='word_1_167' title='bbox 200 1882 278 1950; x_wconf 57' lang='grc' dir='ltr'><strong>δέ,</strong></span> <span class='ocrx_word' id='word_1_168' title='bbox 313 1892 581 1956; x_wconf 85' lang='lat' dir='ltr'><strong>pollicentes</strong></span> <span class='ocrx_word' id='word_1_169' title='bbox 609 1889 852 1938; x_wconf 79' lang='lat' dir='ltr'><strong>amicitiam</strong></span> <span class='ocrx_word' id='word_1_170' title='bbox 883 1888 1175 1946; x_wconf 74' lang='lat' dir='ltr'><strong>Hannibalis,</strong></span> <span class='ocrx_word' id='word_1_171' title='bbox 1210 1888 1374 1934; x_wconf 83' lang='lat' dir='ltr'><strong>adhor-</strong></span> 
     </span>
     <span class='ocr_line' id='line_1_24' title="bbox 85 1960 1383 2026; baseline -0.009 -9"><span class='ocrx_word' id='word_1_172' title='bbox 85 1969 170 2017; x_wconf 81' lang='lat' dir='ltr'><strong>tari</strong></span> <span class='ocrx_word' id='word_1_173' title='bbox 194 1969 249 2015; x_wconf 86' lang='lat' dir='ltr'><strong>ad</strong></span> <span class='ocrx_word' id='word_1_174' title='bbox 268 1967 423 2013; x_wconf 87' lang='lat' dir='ltr'><strong>urbem</strong></span> <span class='ocrx_word' id='word_1_175' title='bbox 441 1965 714 2013; x_wconf 77' lang='lat' dir='ltr'><strong>tradendam.</strong></span> <span class='ocrx_word' id='word_1_176' title='bbox 744 1963 929 2011; x_wconf 88' lang='lat' dir='ltr'><strong>Bruttiis</strong></span> <span class='ocrx_word' id='word_1_177' title='bbox 950 1963 997 2009; x_wconf 89' lang='lat' dir='ltr'><strong>in</strong></span> <span class='ocrx_word' id='word_1_178' title='bbox 1015 1961 1258 2026; x_wconf 84' lang='lat' dir='ltr'><strong>colloquio</strong></span> <span class='ocrx_word' id='word_1_179' title='bbox 1276 1960 1383 2008; x_wconf 51' lang='lat' dir='ltr'><strong>nul-¹</strong></span> 
     </span>
     <span class='ocr_line' id='line_1_25' title="bbox 83 2034 1379 2103; baseline -0.005 -14"><span class='ocrx_word' id='word_1_180' title='bbox 83 2043 173 2090; x_wconf 81' lang='lat' dir='ltr'><strong>lius</strong></span> <span class='ocrx_word' id='word_1_181' title='bbox 198 2041 262 2088; x_wconf 87' lang='lat' dir='ltr'><strong>rei</strong></span> <span class='ocrx_word' id='word_1_182' title='bbox 290 2041 438 2103; x_wconf 90' lang='lat' dir='ltr'><strong>primo</strong></span> <span class='ocrx_word' id='word_1_183' title='bbox 465 2037 575 2086; x_wconf 86' lang='lat' dir='ltr'><strong>fides</strong></span> <span class='ocrx_word' id='word_1_184' title='bbox 595 2038 683 2086; x_wconf 85' lang='lat' dir='ltr'><strong>est:</strong></span> <span class='ocrx_word' id='word_1_185' title='bbox 723 2039 883 2086; x_wconf 83' lang='lat' dir='ltr'><strong>deinde</strong></span> <span class='ocrx_word' id='word_1_186' title='bbox 903 2049 952 2084; x_wconf 87' lang='lat' dir='ltr'><strong>ut</strong></span> <span class='ocrx_word' id='word_1_187' title='bbox 972 2039 1140 2084; x_wconf 86' lang='lat' dir='ltr'><strong>Poenus</strong></span> <span class='ocrx_word' id='word_1_188' title='bbox 1168 2034 1379 2098; x_wconf 82' lang='lat' dir='ltr'><strong>apparuit</strong></span> 
     </span>
     <span class='ocr_line' id='line_1_26' title="bbox 87 2105 1377 2175; baseline -0.009 -12"><span class='ocrx_word' id='word_1_189' title='bbox 87 2115 137 2163; x_wconf 82' lang='lat' dir='ltr'><strong>in</strong></span> <span class='ocrx_word' id='word_1_190' title='bbox 156 2113 373 2167; x_wconf 85' lang='lat' dir='ltr'><strong>collibus,</strong></span> <span class='ocrx_word' id='word_1_191' title='bbox 392 2116 442 2160; x_wconf 87' lang='lat'>&amp;</span> <span class='ocrx_word' id='word_1_192' title='bbox 460 2112 729 2175; x_wconf 82' lang='lat' dir='ltr'><strong>refugientes</strong></span> <span class='ocrx_word' id='word_1_193' title='bbox 748 2111 880 2173; x_wconf 85' lang='lat' dir='ltr'><strong>pauci</strong></span> <span class='ocrx_word' id='word_1_194' title='bbox 900 2109 1035 2156; x_wconf 85' lang='lat' dir='ltr'><strong>aliam</strong></span> <span class='ocrx_word' id='word_1_195' title='bbox 1058 2124 1242 2154; x_wconf 85' lang='lat' dir='ltr'><strong>omnem</strong></span> <span class='ocrx_word' id='word_1_196' title='bbox 1260 2105 1377 2153; x_wconf 87' lang='lat' dir='ltr'><strong>mul-</strong></span> 
     </span>
     <span class='ocr_line' id='line_1_27' title="bbox 88 2181 1376 2248; baseline -0.008 -13"><span class='ocrx_word' id='word_1_197' title='bbox 88 2188 328 2235; x_wconf 81' lang='lat' dir='ltr'><strong>titudinem</strong></span> <span class='ocrx_word' id='word_1_198' title='bbox 346 2188 392 2233; x_wconf 89' lang='lat' dir='ltr'><strong>in</strong></span> <span class='ocrx_word' id='word_1_199' title='bbox 412 2185 628 2248; x_wconf 75' lang='lat' dir='ltr'><strong>potestate</strong></span> <span class='ocrx_word' id='word_1_200' title='bbox 644 2185 841 2232; x_wconf 73' lang='lat' dir='ltr'><strong>hostium</strong></span> <span class='ocrx_word' id='word_1_201' title='bbox 862 2183 945 2229; x_wconf 78' lang='lat' dir='ltr'><strong>effe</strong></span> <span class='ocrx_word' id='word_1_202' title='bbox 962 2181 1232 2237; x_wconf 75' lang='lat' dir='ltr'><strong>afferebant3</strong></span> <span class='ocrx_word' id='word_1_203' title='bbox 1255 2196 1376 2238; x_wconf 86' lang='lat' dir='ltr'><strong>tum,</strong></span> 
     </span>
     <span class='ocr_line' id='line_1_28' title="bbox 53 2255 1378 2323; baseline -0.005 -16"><span class='ocrx_word' id='word_1_204' title='bbox 53 2322 57 2323; x_wconf 19' lang='lat'><em>⁷</em></span> <span class='ocrx_word' id='word_1_205' title='bbox 88 2272 210 2308; x_wconf 84' lang='lat' dir='ltr'><strong>metu</strong></span> <span class='ocrx_word' id='word_1_206' title='bbox 231 2259 368 2317; x_wconf 60' lang='lat' dir='ltr'><strong>victi,</strong></span> <span class='ocrx_word' id='word_1_207' title='bbox 397 2257 681 2305; x_wconf 80' lang='lat' dir='ltr'><strong>consulturos</strong></span> <span class='ocrx_word' id='word_1_208' title='bbox 705 2257 745 2303; x_wconf 91' lang='lat' dir='ltr'><strong>se</strong></span> <span class='ocrx_word' id='word_1_209' title='bbox 776 2256 997 2319; x_wconf 85' lang='lat' dir='ltr'><strong>populum</strong></span> <span class='ocrx_word' id='word_1_210' title='bbox 1035 2255 1378 2317; x_wconf 81' lang='lat' dir='ltr'><strong>responderunt.</strong></span> 
     </span>
     <span class='ocr_line' id='line_1_29' title="bbox 89 2327 1377 2395; baseline -0.005 -15"><span class='ocrx_word' id='word_1_211' title='bbox 89 2334 402 2395; x_wconf 76' lang='lat' dir='ltr'><strong>advocataque</strong></span> <span class='ocrx_word' id='word_1_212' title='bbox 422 2331 651 2394; x_wconf 77' lang='lat' dir='ltr'><strong>extemplo</strong></span> <span class='ocrx_word' id='word_1_213' title='bbox 672 2329 922 2387; x_wconf 78' lang='lat' dir='ltr'><strong>concione,</strong></span> <span class='ocrx_word' id='word_1_214' title='bbox 938 2346 1039 2375; x_wconf 85' lang='lat' dir='ltr'><strong>cum</strong></span> <span class='ocrx_word' id='word_1_215' title='bbox 1063 2330 1112 2375; x_wconf 83' lang='lat'>&amp;</span> <span class='ocrx_word' id='word_1_216' title='bbox 1130 2327 1377 2374; x_wconf 85' lang='lat' dir='ltr'><strong>leviffimus</strong></span> 
     </span>
     <span class='ocr_line' id='line_1_30' title="bbox 89 2400 1380 2467; baseline -0.006 -16"><span class='ocrx_word' id='word_1_217' title='bbox 89 2404 277 2467; x_wconf 84' lang='lat' dir='ltr'><strong>quisque</strong></span> <span class='ocrx_word' id='word_1_218' title='bbox 309 2410 454 2451; x_wconf 77' lang='lat' dir='ltr'><strong>&#39;novas</strong></span> <span class='ocrx_word' id='word_1_219' title='bbox 480 2422 547 2450; x_wconf 79' lang='lat' dir='ltr'><strong>res</strong></span> <span class='ocrx_word' id='word_1_220' title='bbox 583 2420 844 2466; x_wconf 85' lang='lat' dir='ltr'><strong>novamque</strong></span> <span class='ocrx_word' id='word_1_221' title='bbox 876 2402 1134 2448; x_wconf 86' lang='lat' dir='ltr'><strong>societatem</strong></span> <span class='ocrx_word' id='word_1_222' title='bbox 1166 2400 1380 2456; x_wconf 82' lang='lat' dir='ltr'><strong>mallent,</strong></span> 
     </span>
     <span class='ocr_line' id='line_1_31' title="bbox 95 2470 1382 2544; baseline -0.005 -18"><span class='ocrx_word' id='word_1_223' title='bbox 95 2478 145 2526; x_wconf 86' lang='lat'>&amp;</span> <span class='ocrx_word' id='word_1_224' title='bbox 171 2513 186 2540; x_wconf 89' lang='lat'>‚</span> <span class='ocrx_word' id='word_1_225' title='bbox 211 2494 405 2542; x_wconf 81' lang='lat' dir='ltr'><strong>quorum</strong></span> <span class='ocrx_word' id='word_1_226' title='bbox 442 2477 690 2544; x_wconf 79' lang='lat' dir='ltr'><strong>propinqui</strong></span> <span class='ocrx_word' id='word_1_227' title='bbox 726 2489 853 2525; x_wconf 82' lang='lat' dir='ltr'><strong>extra</strong></span> <span class='ocrx_word' id='word_1_228' title='bbox 883 2475 1042 2524; x_wconf 77' lang='lat' dir='ltr'><strong>urbem</strong></span> <span class='ocrx_word' id='word_1_229' title='bbox 1072 2470 1296 2523; x_wconf 79' lang='lat' dir='ltr'><strong>interclusi</strong></span> <span class='ocrx_word' id='word_1_230' title='bbox 1327 2470 1382 2520; x_wconf 78' lang='lat' dir='ltr'><strong>ab</strong></span> 
     </span>
    </p>
   </div>
  </div>
 </body>
</html>
