1628 2890
222 139 770 190 HISTORIARUM
811 138 939 185 LIB.
977 137 1213 185 XXVII.
1283 153 1378 200 427

94 249 200 298 'dum
214 248 408 296 hostium
426 259 615 310 utraque
632 262 782 309 pugna
800 245 983 292 occidit.
999 244 1106 290 Inde
1125 260 1230 291 cum
1250 244 1381 290 AEto-

96 323 130 369 li
157 335 278 369 metu
311 319 531 383 compulsi
565 319 731 365 Lamiae
762 317 884 363 urbis
919 315 1144 375 moenibus
1178 324 1382 361 tenerent

97 394 213 451 sese,
247 393 476 456 Philippus
509 391 564 438 ad
591 390 774 437 Phalara
813 389 1062 436 exercitum
1095 386 1291 434 reduxit.
1331 386 1382 432 in

96 468 293 516 Maliaco
320 467 416 513 sinu
443 465 480 512 is
508 465 636 512 locus
654 462 746 522 est,
773 463 1001 527 quondam
1030 461 1288 524 frequenter
1306 460 1384 506 ha-

95 542 263 590 bitatus
297 551 483 604 propter
511 536 734 601 egregium
768 546 950 598 portum
973 570 987 590 ,
1024 533 1227 596 tutasque
1263 532 1386 579 circa

98 615 314 663 stationes
331 650 345 674 ,
374 615 422 661 ὅ(
441 611 569 659 aliam
590 608 980 674 opportunitatem
1003 608 1268 654 maritimam
1289 619 1384 652 ter·-

98 683 386 747 restremque.
420 686 488 730 Eo
508 682 642 745 legati
671 681 726 727 ab
754 696 859 744 rege
890 680 1078 743 AEgypti
1105 679 1388 736 Ptolemaeo,

99 757 410 820 Rhodiisque,
439 758 488 805 &
509 753 878 809 Atheniensibus,
906 755 956 801 ὅ(
979 752 1104 799 Chiis
1133 762 1390 809 venerunt,

101 830 159 876 ad
191 830 490 877 dirimendum
520 828 635 876 inter
654 826 910 889 Philippum
933 838 1067 889 atque
1089 826 1266 873 AEtolos
1287 823 1388 871 bel-

100 903 210 950 lum.
242 903 477 950 Adhibitus
496 903 552 949 ab
569 900 733 949 AEtolis
756 902 805 947 δε
823 915 879 946 ex
901 897 1102 945 finitimis
1123 896 1387 959 pacificator

102 978 402 1041 Amynander
415 1013 429 1036 ,
448 993 526 1023 rex
545 976 858 1022 Athamanum.
885 971 1103 1019 Omnium
1123 983 1270 1016 autem
1291 987 1388 1017 non

104 1063 230 1097 tanta
255 1067 338 1113 pro
359 1050 517 1097 AEtolis
538 1065 643 1095 cura
661 1060 779 1102 erat,
810 1044 1112 1092 ferocioribus
1139 1060 1274 1106 quam
1300 1059 1390 1106 pro

106 1123 298 1188 ingeniis
323 1126 586 1171 Graecorum
618 1119 760 1184 gentis
785 1137 796 1165 :
826 1135 959 1181 quam
987 1133 1043 1163 ne
1063 1116 1295 1179 Philippus
1321 1133 1394 1162 re·

105 1213 334 1261 gnumque
352 1195 446 1257 ejus
461 1232 474 1254 ,
494 1210 630 1258 grave
650 1191 842 1238 libertati
860 1191 1061 1237 futurum
1078 1225 1092 1248 ,
1113 1190 1245 1235 rebus
1262 1191 1392 1236 Grae-

107 1271 190 1318 ciae
225 1269 558 1317 immisceretur.
600 1268 675 1313 De
710 1282 818 1328 pace
850 1264 983 1311 dilata
1019 1262 1291 1311 consultatio
1328 1260 1393 1308 est

106 1343 155 1390 in
180 1342 425 1391 concilium
444 1342 747 1394 Achaeorum3
787 1338 1080 1400 concilioque
1110 1335 1150 1382 ei
1181 1337 1230 1383 δε
1262 1335 1393 1381 locus

107 1418 160 1464 ὅ(
189 1416 280 1463 dies
308 1428 426 1463 certa
446 1415 620 1461 indicia.
656 1412 837 1459 interim
863 1411 1044 1475 triginta
1067 1410 1237 1456 dierum
1259 1408 1394 1455 indu-

107 1491 193 1536 ciae
220 1489 481 1551 impetratae.
514 1486 745 1533 Profectus
780 1485 885 1531 inde
918 1502 999 1531 rex
1025 1500 1105 1547 per
1126 1482 1393 1529 Theffaliam

109 1560 457 1624 Boeotiamque,
492 1558 750 1607 Chalcidem
785 1559 974 1603 Euboeae
1003 1554 1156 1612 venit,
1183 1566 1233 1600 ut
1262 1555 1396 1600 Atta-

108 1632 200 1679 lum
214 1668 227 1691 ,
242 1649 372 1696 quem
393 1633 520 1680 claffe
536 1632 757 1678 Euboeam
779 1630 1024 1693 petiturum
1045 1628 1265 1685 audierat,
1287 1642 1396 1689 pot·-

110 1706 246 1752 tubus
278 1706 329 1753 &
358 1705 542 1751 litorum
575 1702 760 1767 appulsu
795 1713 979 1750 arceret.
1016 1701 1152 1758 Inde,
1187 1699 1398 1763 praefidio

110 1780 269 1828 relicto
298 1779 508 1826 adversus
535 1778 732 1825 Attalum
750 1813 765 1837 ,
790 1778 823 1824 fi
849 1777 968 1825 forte
987 1775 1166 1822 interim
1195 1772 1397 1831 traiecis-

112 1853 209 1911 set,
245 1852 474 1916 profef‘tus
506 1851 596 1916 ipse
634 1868 737 1899 cum
770 1849 921 1914 paucis
955 1849 1158 1912 equitum
1196 1847 1398 1910 levisque

114 1939 372 1983 armaturae,
402 1928 545 1989 Argos
577 1924 720 1972 venit.
761 1924 826 1970 Ibi
857 1923 1090 1970 curatione
1127 1923 1399 1967 Heraeorum

114 2002 484 2063 Nemeorumque
505 1997 719 2062 suffragiis
736 1996 896 2060 populi
916 1996 970 2043 ad
991 2012 1094 2042 eum
1112 1994 1272 2050 delata,
1292 1992 1399 2056 quia

113 2071 157 2118 se
177 2071 481 2118 Macedonum
499 2085 622 2134 reges
653 2085 709 2115 ex
741 2085 791 2114 ea
812 2067 996 2114 civitate
1026 2065 1247 2114 oriundos
1277 2063 1399 2111 refe·-

116 2156 249 2197 runt‚
284 2144 454 2191 Heraeis
483 2142 703 2206 peractis,
734 2142 791 2188 ab
824 2139 923 2204 ipso
952 2140 1130 2186 ludicro
1165 2136 1400 2200 extemplo

116 2217 287 2264 Rhium
315 2214 542 2278 profectus
565 2213 626 2260 est
644 2247 658 2270 ‚
695 2212 987 2263 adindichim
1015 2211 1164 2257 mul-to
1194 2221 1294 2256 ante
1325 2208 1402 2254 so-

118 2289 296 2335 ciorum
328 2286 588 2334 concilium.
625 2285 690 2332 Ibi
725 2285 778 2331 de
806 2283 1009 2332 AEtolico
1043 2282 1247 2330 finiendo
1278 2281 1408 2327 bellot

120 2362 265 2408 actum
282 2397 296 2420 ,
317 2377 373 2407 ne
393 2359 520 2407 causa
549 2370 624 2406 aut
642 2357 890 2414 Romanis,
925 2367 999 2403 aut
1024 2355 1177 2402 Attalo
1206 2352 1402 2399 intrandi

121 2435 340 2482 Graeciam
367 2433 484 2483 effet.
520 2432 606 2482 Sed
625 2449 674 2481 ea
694 2429 878 2489 omnia,
905 2427 1098 2479 vixdum
1117 2426 1403 2475 induciarum
