1628 2890
210 114 271 155 24
572 90 1131 138 T1T1·L1V11

206 204 407 268 quinque
440 200 579 248 millia
606 197 747 244 ferme
782 195 1040 244 continenti
1066 196 1196 244 cursu
1230 196 1403 244 secutus
1433 197 1495 244 est

207 278 446 342 fugientes.
480 272 748 330 Mancinus,
779 270 1017 335 postquam
1054 288 1138 318 nec
1172 270 1343 317 hostem
1385 272 1496 317 desi-

208 350 322 396 stere
353 347 502 411 sequi,
535 362 618 393 nec
644 345 765 408 spem
787 344 903 394 vidit
932 342 1171 407 effugiendi
1197 342 1305 401 effe,
1329 343 1496 390 cohor-

206 433 326 469 tatus
355 420 456 466 suos
485 418 532 464 in
564 417 789 481 proelium
821 415 982 474 rediit,
1017 414 1144 462 omni
1170 426 1293 477 parte
1327 415 1493 463 virium

206 495 362 556 impar.
384 495 539 556 Itaque
560 491 651 555 ipse
665 528 679 549 ,
698 493 748 539 &
769 489 926 537 deleffi
946 488 1151 552 equitum
1166 524 1179 546 ,
1195 487 1496 535 circumventi

207 564 498 612 occiduntur.
538 563 674 611 ceteri
715 561 855 609 effuso
894 560 1041 607 rursus
1075 558 1202 607 cursu
1238 559 1370 606 Cales
1404 560 1497 622 pri-

208 657 359 694 mum,
380 638 483 685 inde
505 654 648 702 prope
667 637 807 684 inviis
834 635 1020 683 callibus
1038 635 1092 681 ad
1115 634 1376 681 difflatorem
1394 651 1498 697 per-

208 712 433 776 fugerunt.
457 714 525 758 Eo
547 710 665 757 forte
686 710 757 755 die
783 708 1013 756 Minucius
1035 707 1075 754 se
1098 705 1400 769 conjunxerat
1420 709 1495 752 Fa-

209 785 321 843 bio,
352 783 501 831 miffus
543 783 598 829 ad
634 781 904 828 firmandum
942 780 1151 844 praesidio
1199 779 1383 838 saltum,
1421 779 1498 842 qui

211 858 346 922 super
363 857 673 915 Tarracinam,
690 857 737 902 in
754 857 890 902 arcias
907 856 1089 902 coafihls
1111 853 1278 911 fauces,
1296 852 1500 900 imminet

212 929 354 992 mari,
385 951 470 992 ne,
501 932 744 979 immunito
768 931 928 995 Appiae
949 930 1116 987 limite,
1145 930 1314 975 Poenus
1335 946 1499 992 perve-

211 1008 310 1054 nire
338 1007 385 1053 in
410 1024 562 1070 agrum
591 1007 851 1052 Romanum
880 1004 1037 1068 poffet.
1074 1001 1344 1063 Conjunffis
1375 1018 1503 1048 exer-

212 1081 376 1129 citibus
402 1081 592 1126 dissator
612 1096 664 1126 ac
689 1077 893 1142 magister
919 1077 1123 1139 equitum
1152 1074 1287 1122 castra
1308 1074 1355 1120 in
1378 1073 1501 1121 viam

211 1155 448 1212 deferunt,
484 1171 570 1217 qua
614 1151 841 1198 Hannibal
877 1151 1088 1197 dufihlrus
1128 1161 1238 1196 erat.
1272 1148 1362 1194 duo
1399 1146 1499 1192 inde

213 1228 355 1276 millia
386 1227 535 1273 hostes
564 1227 758 1272 aberant.

279 1302 404 1348 XVI.
441 1298 625 1345 Postero
661 1298 732 1345 die
765 1297 928 1356 Poeni,
965 1297 1089 1361 quod
1126 1295 1215 1343 viae
1250 1294 1365 1341 inter
1398 1293 1502 1340 bina

214 1372 356 1421 castra
383 1383 504 1429 erat,
523 1371 698 1433 agmine
724 1369 1028 1433 complevere.
1054 1370 1170 1415 Cum
1196 1365 1392 1412 Romani
1425 1364 1502 1411 sub

212 1445 313 1510 ipso
333 1445 628 1493 constitissent
657 1445 804 1501 vallo,
833 1443 951 1490 haud
974 1441 1107 1489 dubie
1135 1442 1334 1504 aequiore
1363 1441 1504 1497 loco,
1554 1432 1564 1435 „

213 1520 418 1568 succeflit
456 1532 604 1566 tamen
643 1520 811 1564 Poenus
852 1534 954 1564 cum
991 1514 1210 1579 expeditis
1247 1513 1504 1576 equitibus,

215 1605 350 1657 atque
369 1593 423 1640 ad
442 1592 736 1639 lacessendum
760 1590 932 1636 hostem
953 1588 1142 1652 carptim
1165 1589 1214 1634 c&
1234 1586 1503 1649 procursan=

214 1668 279 1714 do
305 1667 658 1730 recipiendoque
693 1664 779 1712 sese
799 1680 1075 1728 pugnavere.
1105 1662 1264 1708 restitit
1287 1661 1365 1708 suo
1396 1660 1504 1707 loco

216 1741 426 1788 Romana
453 1740 583 1786 acies.
614 1739 733 1785 lenta
754 1754 901 1802 pugna
925 1739 975 1784 &
1005 1753 1061 1782 ex
1087 1734 1314 1781 diffiteris
1340 1732 1504 1795 magis,

217 1830 355 1878 quam
384 1812 676 1868 Hannibalis,
707 1810 794 1857 fuit
824 1810 1076 1858 voluntate.
1111 1806 1292 1853 ducenti
1326 1806 1381 1851 ab
1409 1807 1506 1851 Ro-

216 1886 385 1946 manis,
415 1885 660 1950 offingenti
693 1884 889 1932 hostium
923 1883 1135 1930 cecidere.
1172 1878 1368 1926 Inclusus
1403 1877 1508 1924 inde

220 1962 367 2010 videri
400 1960 657 2016 Hannibal,
690 1959 767 2006 via
801 1959 855 2005 ad
886 1957 1130 2005 Casilinum
1170 1952 1367 2000 obse‘ffa:
1405 1969 1507 2000 cum

218 2037 380 2099 Capua
413 2037 465 2083 &
495 2034 750 2092 Samnium,
782 2034 834 2080 ὃς
863 2043 1035 2078 tantum
1063 2030 1118 2078 ab
1152 2040 1281 2092 tergo
1312 2026 1507 2075 divitum

219 2107 471 2164 sociorum,
489 2107 708 2153 Romanis
729 2116 1006 2152 commeatus
1024 2102 1315 2155 subveheret;
1340 2100 1508 2146 Poenus

214 2189 381 2227 'contra
406 2179 522 2225 inter
552 2178 788 2225 Formiana
819 2177 921 2223 saxa
957 2192 1008 2222 ac
1039 2174 1210 2222 Literni
1240 2189 1393 2220 arenas
1426 2171 1507 2218 sta·

218 2268 394 2315 gnaque
433 2250 699 2313 perhorrida
747 2249 830 2296 fitu
879 2247 1192 2295 hibernaturus
1242 2245 1360 2292 effer.
1410 2245 1506 2290 Nec

219 2321 509 2369 Hannibalem
530 2320 711 2380 fefellit,
736 2320 819 2366 suis
838 2320 878 2366 se
903 2320 1071 2366 artibus
1090 2319 1195 2382 peti.
1214 2318 1386 2382 itaque,
1404 2335 1506 2363 cum

219 2409 300 2456 per
325 2392 567 2440 Casilinum
585 2393 776 2442 evadere
796 2409 890 2439 non
908 2392 1074 2456 postet,
1088 2390 1362 2455 petendique
1379 2405 1510 2435 mon«
