1628 2890
241 137 330 184 194
602 116 1165 163 T1T1L1v11

230 221 532 272 multitudinis
559 220 656 267 effe.
686 223 744 267 Et
763 232 854 267 erat
884 220 1069 270 confusa
1090 221 1283 281 concio,
1312 237 1406 270 non
1426 240 1513 288 po-

229 297 377 360 pulari
402 295 568 353 modo,
590 293 662 340 sed
691 294 871 340 militari
897 310 1080 359 quoque
1098 297 1260 355 turba,
1279 313 1438 360 magna
1459 315 1516 344 ex

226 385 352 435 parte
371 370 503 415 etiarn
528 368 725 433 perfugis
740 405 752 428 ,
773 368 852 432 qui
875 368 1028 415 omnia
1048 385 1220 417 novare
1245 369 1512 433 cupiebant,

224 441 476 506 permixtis,
508 443 725 487 Praetores
752 440 1018 488 diffimulare
1038 440 1210 502 primo,
1232 444 1278 490 &
1299 442 1513 489 trahenda

225 532 276 562 re
307 514 419 568 effe3
451 513 680 576 postremo
724 513 832 561 vicii
872 511 1124 571 consensu,
1159 515 1208 561 &
1245 514 1512 561 seditionem

224 600 502 646 metuentes‚
524 587 820 650 pronuntiant
848 603 926 634 eos
955 598 1185 649 praetores.
1213 588 1310 635 Nec
1329 587 1394 634 illi
1414 587 1510 650 pri,

222 679 304 712 sno
331 662 476 708 statim
509 662 647 709 creati
679 662 1001 724 nudareJ'quid
1035 660 1232 708 vellent:
1254 661 1508 725 quan'quam

220 751 338 798 agre
363 734 591 793 ferebant,
614 737 662 782 ὃ(
680 735 733 780 de
753 733 944 780 inauciis
967 732 1137 778 dierum
1158 733 1311 780 decem
1333 733 1504 797 legatos

220 807 299 855 iffe
327 807 382 853 ad
401 808 484 869 Ap.
509 806 750 853 Claudium
763 842 777 865 ,
797 807 845 852 ἃ
858 842 871 863 ,
891 805 1138 868 impetratis
1159 805 1220 851 eis
1235 839 1251 863 ,
1268 805 1380 851 aiios
1395 840 1408 864 ‚
1428 806 1507 869 qui

219 880 276 926 de
300 878 472 925 foedere
500 878 690 943 antiquo
714 878 984 924 renovando
1010 889 1216 941 agerent,
1245 877 1412 924 miffos.
1439 878 1509 924 Ad

219 950 523 1014 Murgantiam
545 961 639 997 tum
661 950 836 998 claffem
859 951 1045 997 navium
1074 952 1256 997 centum
1274 950 1508 996 Romanus

218 1024 410 1071 habebat
426 1059 439 1080 ,
457 1039 657 1086 quonam
677 1023 920 1070 evaderent
944 1034 1095 1068 motus
1124 1039 1182 1068 ex
1206 1021 1400 1086 caejdibus
1426 1035 1507 1086 ty-

215 1112 465 1145 rannorum
496 1095 587 1142 orti
618 1094 874 1160 Syracufis,
899 1110 1053 1156 quove
1088 1110 1166 1139 eos
1203 1106 1358 1156 agerer
1381 1111 1507 1141 nova

217 1180 352 1232 atque
374 1166 555 1212 insolita
584 1166 787 1224 libertas,
821 1166 1076 1228 opperiens.
1106 1167 1189 1211 Per
1211 1165 1390 1212 eosdem
1411 1167 1504 1214 dies

218 1260 325 1290 cum
357 1241 412 1287 ad
441 1240 705 1287 Marcellum
721 1276 735 1298 ‚
756 1240 1015 1287 venientem
1042 1239 1088 1285 in
1119 1239 1313 1286 Siciliam
1329 1276 1344 1298 ‚
1369 1240 1504 1304 iegati

216 1313 487 1379 Syracusani
516 1313 628 1360 miffi
653 1313 706 1359 ab
731 1312 880 1376 Appio
902 1313 1037 1360 effent
1052 1349 1065 1371 ‚
1086 1312 1248 1359 auditis
1269 1313 1502 1362 conditio-

215 1388 349 1435 nibus
377 1386 517 1449 pacis,
537 1385 779 1432 Marceilus
792 1421 808 1442 ,
830 1385 953 1448 poffe
973 1402 1064 1431 rem
1084 1383 1336 1431 convenire
1355 1398 1474 1432 ratus
1488 1423 1503 1445 ‚

216 1461 269 1507 3<
290 1457 378 1521 ipse
406 1457 575 1520 legatos
598 1456 833 1521 Syracusas
850 1493 865 1515 ‚
889 1456 966 1519 qui
992 1473 1144 1503 coram
1167 1473 1268 1503 cum
1291 1459 1501 1519 praetori-
1540 1456 1551 1461 ⁹

212 1533 299 1580 bus
318 1533 372 1578 de
391 1531 659 1579 renovando
681 1530 852 1577 foedere
871 1541 1058 1594 agerent
1074 1565 1086 1585 ‚
1102 1529 1232 1576 misit.
1252 1531 1308 1576 Et
1324 1529 1414 1591 jam
1434 1531 1498 1578 ibi

214 1622 502 1669 nequaquam
525 1604 677 1650 eadem
698 1604 822 1666 quies
847 1605 898 1650 ὅτ.
926 1602 1224 1665 tranquillitas
1247 1614 1352 1649 erat.
1374 1603 1500 1666 post-

214 1695 347 1741 quam
374 1676 586 1723 Punicam
606 1675 777 1722 cia-siem
803 1667 1016 1722 acceffiffe
1035 1674 1300 1737 Pachynum
1317 1674 1499 1723 allatum

213 1749 304 1807 est,
328 1750 480 1795 demto
502 1748 664 1794 timore
699 1747 1002 1811 Hippocrates
1032 1749 1082 1794 &
1103 1746 1356 1810 Epicydes,
1377 1764 1501 1795 nunc

209 1824 335 1886 apud
364 1820 666 1868 mercenarios
698 1821 860 1867 milites
878 1856 892 1879 ‚
920 1837 1043 1866 nunc
1073 1820 1190 1882 apud
1218 1819 1497 1883 transfugas,

213 1895 349 1960 prodi
376 1896 588 1941 Romano
612 1893 851 1958 Syracusas
865 1929 881 1951 ,
900 1891 1265 1948 criminabantur.
1295 1895 1358 1939 Ut
1376 1909 1493 1939 vero

214 1970 390 2034 Appius
424 1985 563 2016 naves
598 1968 654 2015 ad
680 1968 840 2014 ostium
877 1979 1063 2029 portus,
1091 1983 1185 2030 quo
1221 1966 1319 2012 aliae
1355 1967 1494 2028 partis

212 2042 476 2090 hominibus
518 2041 694 2088 animus
732 2041 960 2088 accederet
975 2075 989 2095 ‚
1024 2039 1073 2085 in
1105 2037 1292 2084 statione
1331 2038 1495 2086 habere

213 2114 382 2177 coepit,
409 2114 565 2176 ingens
586 2113 630 2158 in
662 2112 850 2175 speciem
873 2110 1134 2159 criminibus
1153 2109 1280 2157 vanis
1301 2111 1492 2163 acceffe-

208 2199 279 2235 rat
309 2185 431 2233 fides.
474 2203 526 2232 ac
561 2185 708 2248 primo
749 2184 883 2231 etiam
925 2182 1203 2230 tumultuose
1239 2183 1491 2229 decurrerat

209 2257 455 2306 znuhitudo
492 2257 546 2304 ad
578 2257 914 2320 prohibendos,
947 2255 978 2302 fi
1017 2255 1064 2302 in
1098 2268 1263 2303 terram
1303 2256 1489 2319 egrede-

211 2342 380 2380 rentur.

274 2403 483 2458 XXVIII.
515 2404 564 2459 In
584 2402 669 2453 hac
697 2400 956 2466 turbatione
973 2417 1124 2454 rerum
1145 2400 1189 2451 in
1213 2398 1489 2454 concionem
