1628 2890
228 137 803 190 HISTORIARUM
850 136 982 182 LIB.
1021 133 1187 181 XXV.
1285 133 1371 197 265

102 248 281 296 occasio
313 247 616 311 quaerebatur:
637 264 771 311 quam
801 247 967 294 obtulit
990 245 1237 310 transfuga,
1259 261 1377 291 nun-

99 320 240 379 tians,
255 321 368 367 diem
390 320 546 367 festum
574 320 734 367 Dianae
751 336 830 382 per
848 320 1045 366 triduum
1065 319 1160 382 agi,
1179 320 1227 366 &
1240 354 1254 376 ‚
1274 317 1379 381 quia

102 393 186 439 alia
217 393 263 439 in
296 393 531 438 obsidione
561 392 724 450 defixit,
747 393 863 437 vino
895 392 1060 455 largius
1086 391 1237 454 epulas
1258 390 1380 438 cele-

100 463 243 520 brari,
272 465 322 510 &
346 462 626 526 abEpicyde
655 462 847 524 praebito
878 463 1099 511 universae
1125 462 1301 526 plebei,
1329 464 1380 509 δε

100 552 182 598 per
198 535 338 582 tribus
355 553 379 581 a
404 534 680 597 principibus
699 535 861 581 diviso.
894 535 942 582 ld
965 536 1042 582 ubi
1062 533 1234 597 accepit
1254 536 1378 580 Mar-

101 608 261 665 cellus,
286 626 386 655 cum
408 608 559 669 paucis
580 608 864 655 tribunorum
884 609 1077 655 militum
1099 607 1378 666 collocutus,

102 680 336 743 eleffisque
365 697 443 743 per
471 696 548 727 eos
579 680 634 727 ad
664 697 754 726 rem
786 693 952 727 tantam
980 681 1194 744 agendam
1217 680 1378 727 auden-

101 755 294 818 damque
314 754 488 801 idoneis
515 754 853 801 centurionibus
876 755 1199 818 militibusque,
1218 757 1267 803 &
1284 753 1384 802 sca-³

102 828 155 874 lis
176 828 220 873 in
238 828 423 875 occulto
443 829 731 890 comparatis,
752 829 907 876 ceteris
927 830 1095 894 signum
1117 831 1211 876 dari
1231 831 1382 889 jubet,

101 914 152 946 ut
175 913 344 948 mature
364 918 557 963 corpora
585 914 813 959 curarent,
832 901 1067 965 quietique
1088 902 1243 948 darent
1262 920 1272 948 ε
1298 919 1381 949 no-

103 976 170 1020 δῖε
193 975 238 1020 in
263 974 596 1037 expeditionem
622 975 818 1021 eundu'm
839 974 935 1021 effe.
969 975 1073 1021 Inde
1097 976 1173 1021 ubi
1202 975 1381 1025 idtem-

103 1047 228 1111 poris
258 1047 430 1104 visum,
463 1064 555 1108 quo
591 1047 645 1093 de
675 1047 744 1093 die
776 1047 963 1108 epulatis
997 1047 1085 1109 jam
1122 1047 1221 1094 vini
1257 1048 1383 1095 satias

103 1119 465 1183 principiumque
487 1119 631 1165 somni
650 1119 780 1177 effet,
799 1119 907 1182 figni
932 1120 1062 1167 unius
1087 1120 1250 1167 milites
1268 1120 1383 1167 serre

104 1193 241 1240 scalas
270 1191 413 1251 juffit:
445 1195 493 1239 &
523 1193 575 1238 ad
599 1192 720 1238 mille
754 1192 844 1238 fere
878 1192 1033 1238 armati
1065 1193 1187 1239 tenui
1210 1194 1384 1256 agmine

104 1282 185 1328 per
214 1263 434 1310 silentium
469 1280 524 1309 eo
560 1264 748 1310 deduffi.
778 1264 870 1310 Ubi
898 1263 988 1310 fine
1015 1264 1196 1325 strepitu
1226 1282 1278 1311 ac
1308 1277 1382 1311 tu-

101 1339 250 1385 multu
286 1336 420 1399 primi
457 1335 693 1382 evaserunt
729 1336 776 1384 in
811 1353 1016 1395 murum,
1052 1335 1188 1383 secuti
1225 1337 1383 1384 ordine

105 1409 208 1465 alii3
247 1426 348 1456 cum
386 1408 589 1473 priorum
623 1408 807 1456 audacia
842 1407 985 1456 dubiis
1015 1409 1148 1457 etiam
1179 1409 1381 1457 animum

106 1484 288 1531 faceret.

170 1561 342 1622 XXIV.
373 1561 465 1607 Jam
492 1559 614 1617 mille
645 1570 917 1608 armatorum
948 1570 1156 1622 ceperant
1185 1573 1385 1622 partem,

105 1651 209 1682 cum
239 1645 395 1681 ceterae
422 1635 642 1694 admotae‚
668 1632 955 1697 pluribusque
978 1632 1102 1680 scalis
1126 1634 1173 1679 in
1202 1650 1383 1679 murum

106 1705 379 1763 evadebant,
406 1705 530 1768 signo
561 1706 616 1752 ab
642 1704 883 1769 Hexapylo
917 1704 1051 1760 dat03
1083 1720 1176 1767 quo
1199 1720 1278 1766 per
1310 1704 1383 1748 in-

105 1791 283 1843 gentem
314 1779 602 1825 solitudinem
638 1790 729 1825 erat
760 1789 1026 1840 perventum
1045 1812 1059 1835 ‚
1089 1776 1193 1840 quia
1224 1793 1384 1840 magna

106 1847 232 1913 pai-s,
256 1852 303 1897 in
327 1851 523 1898 turribus
541 1850 734 1914 epulati,
753 1864 828 1896 aut
850 1848 983 1912 sopiti
1005 1848 1117 1895 vino
1137 1860 1287 1907 erant,
1309 1859 1385 1894 aut

108 1923 374 1987 semigraves
399 1926 629 1987 potabant.
657 1941 828 1987 paucos
847 1936 995 1970 tamen
1021 1938 1177 1969 eorum
1199 1920 1386 1983 oppres-

108 1993 179 2041 sos
215 1996 261 2041 in
292 1996 511 2043 cubilibus
550 1996 884 2043 interfecerunt.
919 1997 1066 2057 Prope
1105 1992 1383 2055 Hexapylon

106 2067 169 2112 est
194 2067 376 2130 portula
400 2085 557 2131 magna
588 2068 636 2114 vi
657 2067 839 2130 refringi
869 2077 1044 2128 coepta3
1064 2067 1112 2112 δε
1132 2081 1155 2110 e
1175 2080 1306 2110 muro
1326 2080 1384 2109 ex

108 2140 364 2202 composito
394 2140 500 2185 tuba
534 2139 683 2186 datum
714 2139 884 2202 signum
915 2153 1020 2185 erat.
1058 2139 1114 2184 Et
1144 2135 1233 2198 jam
1253 2135 1386 2182 undi-

107 2231 226 2279 que,
263 2230 358 2259 non
396 2212 583 2270 furtim,
614 2212 686 2259 sed
721 2213 770 2258 vi
806 2222 981 2274 aperta,
1016 2209 1250 2274 gerebatur
1300 2224 1388 2254 res·

109 2287 278 2350 quippe
305 2286 359 2332 ad
390 2286 629 2348 Epipolas,
658 2285 936 2347 frequentem
965 2284 1178 2332 custodiis
1204 2283 1355 2330 locum
1374 2319 1387 2341 ,

108 2372 379 2424 perventum
417 2372 531 2415 erat,
568 2360 850 2422 terrendique
887 2358 1027 2421 magis
1059 2356 1207 2404 hostes
1237 2368 1387 2414 erant,

109 2450 245 2498 quam
271 2433 482 2490 fallendi3
516 2433 629 2482 ficut
646 2432 792 2480 territi
817 2431 930 2480 sunt.
964 2448 1068 2478 nam
1096 2429 1223 2477 simul
1243 2446 1293 2477 ae
1312 2442 1387 2475 tur
