1628 2890
198 144 290 206 373
555 142 1117 192 T1T1L1v11

193 252 260 298 sit.
299 252 380 297 Par
407 249 587 297 audacia
612 251 844 297 Romanus
863 286 876 308 ,
910 250 1100 298 consilio
1120 252 1170 299 &
1189 249 1359 298 Viribus
1388 249 1473 298 im?

193 341 299 386 par,
329 323 469 385 copiis
503 324 665 386 raptim
701 324 868 371 eductis
910 324 1131 372 conflixit.
1172 326 1327 389 quinta
1351 324 1474 387 legio

191 397 242 441 &
272 395 439 441 finistra
471 395 539 441 ala
572 396 735 442 acriter
769 414 964 460 pugnam
1001 396 1208 443 inierunt.
1256 397 1472 443 Ceterum

190 470 442 527 Hannibal,
472 470 600 533 signo
628 471 853 534 equitibus
873 472 1006 528 dato,
1028 483 1106 528 ut,
1128 488 1228 517 cum
1249 469 1471 532 pedestres

191 543 308 590 acies
343 545 631 605 occupassent
664 543 868 606 praesenti
902 543 1142 591 certamine
1179 542 1340 590 oculos
1373 541 1470 588 ani-

190 615 378 679 mosque
398 652 412 674 ‚
458 616 780 674 circumvecti,
816 632 914 679 pars
947 616 1080 663 castra
1113 615 1339 673 hostium,
1370 630 1472 677 pars

188 701 314 754 terga
344 691 659 754 trepidantium
682 690 974 746 invaderent,
1001 688 1090 752 ipse
1118 688 1165 735 in
1188 688 1336 735 Fulvii
1352 687 1470 734 fimi-

190 761 427 810 litudinem
458 764 683 822 nominis,
714 763 840 827 quod
875 764 962 809 Cn.
991 763 1199 810 Fulvium
1230 773 1471 824 praetorem

187 834 377 881 biennio
405 848 505 881 ante
524 836 570 882 in
604 835 756 882 iisdem
776 833 1002 882 devicerat
1031 834 1174 893 locis,
1201 833 1471 895 increpans,

187 907 375 954 similem
403 921 616 957 eventum
645 924 804 971 pugnae
825 906 921 953 fore
941 908 1202 954 affirmabat.
1239 908 1398 969 Neque
1417 921 1470 952 ea

188 978 284 1041 spes
309 998 424 1027 vana
444 981 542 1029 fuit.
573 999 673 1028 nam
687 1017 701 1039 ,
724 998 827 1028 cum
847 981 1056 1029 cominus
1083 981 1177 1028 acie
1198 982 1248 1028 ὃ(
1266 979 1468 1043 peditum

188 1053 432 1100 certamine
466 1055 596 1101 multi
631 1055 885 1102 cecidissent
919 1057 1262 1110 Romanorum,
1303 1053 1468 1101 starent

187 1137 336 1172 tamen
371 1127 552 1174 ordines
584 1127 819 1191 signaque3
853 1128 1063 1191 equestris
1089 1146 1114 1174 a
1138 1140 1266 1190 tergo
1292 1125 1469 1172 tumul·-

186 1212 257 1246 tus
271 1235 285 1256 ‚
314 1199 441 1245 fim'ul
469 1217 494 1246 a
515 1199 665 1246 castris
687 1200 859 1247 clamor
880 1200 1054 1247 hostilis
1075 1200 1275 1258 auditus,
1296 1198 1468 1246 sextam

183 1285 288 1319 ante
321 1274 571 1337 legionem,
598 1291 724 1338 quae,
751 1274 797 1318 in
819 1272 1008 1319 secunda
1026 1272 1119 1318 acie
1145 1270 1314 1333 posita,
1339 1269 1466 1332 prior

185 1346 242 1393 ab
266 1347 472 1393 Numidis
495 1348 670 1393 turbata
690 1346 777 1401 est;
809 1346 1010 1409 quintam
1031 1346 1189 1392 deinde
1207 1356 1340 1407 atque
1363 1359 1468 1401 eos,

183 1421 264 1483 qui
296 1421 350 1467 ad
380 1421 522 1483 prima
556 1421 673 1484 signa
703 1432 855 1478 erant,
884 1421 1061 1466 avertit.
1095 1421 1200 1466 Pars
1233 1419 1280 1463 in
1312 1417 1467 1480 fugam

184 1493 304 1538 effusi
322 1529 336 1551 ‚
364 1509 463 1556 pars
494 1493 540 1538 in
561 1493 712 1540 medio
739 1492 864 1539 caefi:
889 1492 965 1539 ubi
985 1494 1035 1539 &
1060 1491 1149 1554 ipse
1169 1492 1257 1538 Cn.
1279 1489 1469 1537 Fulvius

184 1584 289 1612 cum
307 1565 515 1611 undecim
538 1564 728 1611 tribunis
748 1563 940 1609 militum
959 1563 1132 1610 cecidit.
1150 1562 1463 1609 Romanorum

183 1639 507 1702 sociorumque
540 1650 655 1702 quot
689 1637 797 1683 caesa
826 1637 872 1683 in
905 1654 962 1684 eo
995 1636 1163 1699 proelio
1190 1635 1328 1682 millia
1354 1635 1468 1693 sint,

182 1712 284 1775 quis
309 1727 393 1773 pro
424 1726 549 1757 certo
575 1710 794 1757 affirmet?
828 1727 932 1756 cum
964 1709 1177 1756 tredecim
1210 1708 1349 1755 millia
1380 1709 1466 1755 ali-

182 1784 256 1841 bi,
283 1783 389 1829 alibi
420 1783 537 1829 haud
555 1783 684 1845 plus,
710 1799 845 1846 quam
872 1781 1065 1844 septem,
1095 1780 1340 1828 inveniam.
1370 1782 1466 1828 Ca-

183 1855 282 1902 stris
301 1855 537 1917 praedaque
558 1855 706 1901 victor
726 1854 910 1915 potitur.
943 1853 1225 1899 Herdoneam
1239 1888 1253 1911 ‚
1287 1851 1389 1916 quia
1410 1854 1465 1900 &

183 1927 454 1974 defecturam
476 1926 599 1972 fuiffe
619 1926 671 1971 ad
693 1926 927 1971 Romanos
949 1924 1195 1987 comperit,
1226 1940 1309 1970 nec
1334 1934 1467 1969 man-2·

183 2001 328 2048 suram
348 2000 394 2047 in
420 1999 530 2058 fide,
552 1999 583 2044 fi
604 1999 707 2044 inde
727 1996 1008 2055 abscessisset,
1027 1996 1312 2049 multitudine
1335 1995 1463 2042 omni

184 2074 498 2134 Metapontum
526 2088 577 2118 ac
602 2070 801 2117 Thurios
835 2070 1056 2128 tradu&a‚
1087 2068 1309 2116 incendit:
1335 2068 1464 2116 occi-⁴

181 2145 250 2191 (lit
283 2145 539 2207 principes,
573 2144 648 2207 qui
680 2161 781 2191 cum
813 2142 978 2190 Fulvio
1012 2141 1241 2204 colloquia
1280 2141 1466 2187 occulta·

182 2217 379 2262 habuisse
409 2217 628 2278 comperti
658 2216 769 2263 sunt.
808 2215 1032 2273 Romani,
1056 2215 1132 2278 qui
1153 2231 1208 2260 ex
1227 2225 1347 2261 tanta
1368 2212 1460 2258 cla-

183 2288 239 2333 de
259 2287 515 2346 evaserant,
541 2288 725 2334 ‹liverfis
744 2288 978 2334 itineribus
1007 2287 1238 2333 semermes
1267 2285 1324 2331 ad
1341 2287 1461 2336 Maro,

185 2360 344 2407 cellum
375 2359 604 2405 consulem
625 2359 671 2404 in
691 2359 918 2404 Samnium
941 2357 1257 2420 perfugeruntff

249 2433 303 2479 11.
338 2430 608 2489 Marcellus,
640 2430 755 2478 nihil
785 2429 1026 2478 admodum
1057 2441 1179 2478 tanta
1211 2429 1333 2479 clade
1364 2439 1459 2491 ter}
