1628 2890
212 155 304 188 220
568 137 1125 185 TITILIVII

206 257 299 292 rata
325 242 475 289 omnIa
497 257 629 305 atque
658 241 863 288 instrUEia
887 234 973 287 sese
1009 241 1282 290 habiturum.
1317 242 1380 288 Ea
1402 241 1490 288 im⁶

206 316 330 378 pigre
352 314 484 360 facia:
511 315 560 361 &
576 348 588 367 ‚
609 314 738 376 quod
753 313 1122 375 impedimentum
1142 313 1373 377 agentibus
1393 311 1493 360 fore

208 383 475 445 videbatur,
510 387 555 433 id
587 387 783 433 maxime
812 387 867 433 ad
900 385 1148 432 fallendum
1183 385 1369 447 adjuvit.
1405 385 1494 432 im-

207 463 287 508 ber
307 498 321 518 ‚
347 463 402 509 ab
422 462 553 509 no&e
573 461 718 508 media
738 473 925 509 coortus
939 498 952 519 ,
986 460 1192 508 custodes
1220 461 1492 525 vigilesque,

207 536 402 598 dilapsos
435 554 459 582 e
494 536 789 594 stationibus,
821 535 1040 599 suffugere
1078 535 1124 581 in
1165 536 1278 582 te&a
1315 535 1494 599 coegit:

207 608 453 675 sonituque
489 611 639 673 primo
670 609 876 674 largioris
901 609 1117 671 procellae
1139 609 1366 672 strepitum
1395 625 1495 655 mo-

207 681 413 728 lientium
443 695 619 745 portam
646 681 847 729 exaudiri
869 681 1122 744 prohibuit:
1145 681 1314 728 lentior
1334 680 1497 727 deinde

208 754 514 818 aequaliorque
540 753 746 801 accidens
774 754 957 800 auribus
985 770 1188 817 magnam
1211 764 1383 815 partem
1410 752 1497 797 ho-

205 826 377 872 minum
398 826 588 889 sopivit.
613 826 855 889 Postquam
882 836 1059 887 portam
1089 834 1330 870 tenuerunt
1350 857 1364 879 ‚
1396 840 1497 869 cor-

207 899 379 946 nicines
400 898 446 944 in
482 898 557 945 via
587 898 768 961 paribus
800 897 1052 945 intervallis
1081 896 1318 959 dispofitos
1338 913 1499 942 canere

208 971 399 1034 jubent,
437 984 486 1018 ut
517 971 748 1018 consulem
786 972 1003 1018 excirent.
1042 970 1091 1016 Id
1128 970 1207 1016 ubi
1242 969 1406 1016 fafitum
1441 986 1499 1016 ex

211 1043 469 1106 composito
498 1042 588 1100 est,
618 1043 735 1108 figna
768 1042 916 1089 efferri
949 1041 1109 1089 consul
1138 1040 1292 1103 jubet,
1314 1057 1365 1088 ac
1384 1057 1499 1103 pau-

210 1117 258 1164 lo
295 1129 396 1163 ante
429 1116 573 1163 lucem
607 1132 691 1178 per.
707 1113 931 1161 effraffcam
960 1125 1140 1178 portam
1162 1114 1321 1161 urbem
1351 1112 1500 1177 ingre-

218 1189 348 1236 ditur.

277 1263 457 1309 XLVII.
490 1260 608 1308 Tum
644 1260 824 1306 demum
853 1258 1003 1310 hostes
1034 1257 1217 1306 excitati
1251 1257 1378 1316 sunt,
1412 1256 1501 1318 jam

213 1339 265 1385 &
292 1337 433 1382 imbre
467 1333 839 1389 conquiescente,
873 1333 923 1379 &
949 1332 1207 1394 propinqua
1237 1330 1352 1378 luce.¹
1387 1330 1503 1376 Prae-

213 1410 371 1456 fidium
410 1408 454 1452 in
493 1407 602 1451 urbe
641 1418 734 1452 erat
777 1403 1079 1462 Hannibalis,
1125 1402 1328 1466 quinque
1365 1400 1504 1449 millia
1548 1431 1552 1435 Α

215 1481 355 1528 ferme
388 1492 662 1526 armatorum
694 1497 705 1525 ε
736 1479 786 1524 &
814 1476 892 1538 ipsi
929 1475 1088 1538 Arpini
1125 1475 1211 1522 tria
1242 1475 1380 1521 millia
1415 1475 1523 1521 ho*

215 1557 389 1603 minum
421 1553 664 1600 armabant.
701 1569 780 1599 eos
810 1553 980 1613 primos
1018 1551 1183 1609 Poeni,
1219 1568 1275 1598 ne
1311 1550 1418 1615 quid
1448 1551 1504 1597 ab

216 1642 344 1692 tergo
379 1629 546 1675 fraudis
577 1627 680 1673 effet
699 1663 713 1685 ,
743 1625 859 1672 hosti
889 1624 1216 1688 opposuerunt.
1248 1625 1502 1686 Pugnatum

216 1704 367 1766 primo
406 1703 452 1748 in
482 1701 676 1747 tenebris
710 1698 994 1763 angustisque
1025 1697 1114 1744 viis
1141 1697 1229 1743 est:
1269 1713 1370 1744 cum
1407 1697 1504 1741 Ro-

217 1775 340 1822 mani
374 1792 467 1820 non
500 1773 594 1820 vias
632 1786 838 1831 tantum,
875 1771 948 1817 sed
978 1771 1089 1816 mita
1127 1770 1258 1816 etiam
1297 1767 1505 1830 proxima

216 1864 391 1911 portae,
417 1842 735 1907 occupaffent,
767 1861 822 1890 ne
855 1843 946 1906 peti
983 1842 1169 1904 superne
1201 1858 1252 1887 ac
1277 1839 1506 1886 vulnerari

218 1919 409 1984 possent.
439 1918 629 1982 Cogniti
658 1917 775 1963 inter
801 1915 840 1962 se
862 1915 1045 1978 quidam
1068 1913 1318 1976 Arpinique
1339 1913 1388 1959 &
1410 1912 1508 1957 Ro-

217 1991 365 2046 mani;
388 2004 519 2054 atque
541 1990 644 2036 inde
667 1988 900 2051 colloquia
925 2000 1077 2050 coepta
1094 1986 1212 2043 fieri,
1231 1995 1508 2047 percontan-

218 2064 336 2110 tibus
360 2063 606 2122 Romanis,
632 2063 740 2126 quid
769 2062 848 2108 fibi
878 2061 1047 2108 vellent
1066 2059 1263 2123 Arpini?
1290 2075 1423 2122 quam
1446 2058 1509 2104 ob

220 2152 390 2183 noxam
422 2137 773 2194 Romanorum,
808 2133 934 2198 quod
973 2145 1051 2179 aut
1095 2132 1304 2179 meritum
1335 2131 1508 2176 Poeno-

222 2225 350 2267 rum,
384 2208 764 2272 pro-alienigenis
788 2224 842 2255 ac
863 2206 1059 2253 barbaris
1077 2241 1091 2265 ,
1130 2204 1272 2251 Italici
1300 2201 1511 2251 adversus

224 2293 401 2328 veteres
427 2280 576 2328 socios
599 2282 835 2328 Romanos
864 2280 1029 2326 bellum
1060 2289 1286 2342 gererent,
1303 2278 1353 2325 δε
1374 2276 1512 2323 veffi-

221 2352 368 2417 galem
387 2369 438 2398 ac
458 2351 787 2414 stipendiariam
805 2352 975 2397 ltaliam
994 2350 1157 2397 Africae
1176 2349 1400 2397 facerent?
1427 2351 1515 2395 Ar-

223 2425 342 2488 pinis
379 2425 706 2490 purgantibus,
745 2424 925 2488 ignaros
964 2423 1170 2470 omnium
1208 2422 1248 2469 se
1283 2439 1451 2471 venum
1490 2437 1515 2469 a
