1628 2890
261 119 797 166 HISTORIARUM
835 120 962 166 LIB.
997 120 1224 168 XXVII.
1292 136 1383 187 435

98 226 218 274 facto
235 244 258 273 a
279 229 340 287 Q.
360 225 499 273 Fabio
522 225 742 273 Maximo.
767 225 1018 274 Inimicitiae
1039 239 1184 274 autem
1212 228 1389 277 nobiles

98 300 217 348 inter
253 318 332 348 eos
362 313 515 359 erant,
548 303 596 348 &
627 300 882 348 acerbiores
918 318 990 348 eas
1022 302 1389 368 indignioresque

98 373 238 420 Livio
259 373 332 419 sua
360 373 583 421 calamitas
609 373 799 433 fecerat,
828 375 954 437 quod
974 374 1166 438 spretum
1196 375 1305 423 sein
1337 394 1389 425 ea

98 445 284 492 fortuna
308 446 530 492 credebat.
561 445 715 517 itaque
734 446 769 493 is
790 447 929 510 magis
950 447 1243 510 implacabilis
1264 462 1357 497 erat
1376 467 1389 497 ε

101 520 180 577 &‚
209 521 324 564 nilzz'l
351 538 454 580 opus
487 518 561 582 effi:
596 523 945 576 reconciliatione,
980 520 1136 582 ajebat.
1176 524 1313 569 acrius
1345 521 1389 568 ἃ
1428 554 1432 558 -

99 594 298 637 intentius
331 595 473 637 onmia
503 592 707 656 gesturos,
743 596 929 640 timentes
957 613 1007 640 ne
1036 596 1236 655 crescendi
1267 615 1319 642 ex
1336 598 1388 658 fi

101 667 273 711 inimico
301 670 456 727 collegae
478 667 658 729 potestas
673 667 802 724 fieret.
829 666 951 715 Vicit
973 680 1120 714 tamen
1148 669 1390 716 auctoritas

99 739 305 795 senatus,
333 749 411 793 ut,
437 737 591 800 positis
624 738 941 798 simultatibus,
966 741 1198 787 communi
1232 742 1389 789 animo

99 814 383 878 consilioque
402 813 756 860 administrarent
774 815 1108 877 rempublicam.
1128 816 1390 865 Provinciae

98 885 152 932 iis
196 902 292 932 non
334 884 569 947 permixtae
605 884 896 946 regionibus,
931 886 1044 934 ficut
1084 886 1390 949 superioribus

100 956 256 1015 annis,
286 955 360 1002 sed
390 954 578 1001 diversae
613 956 825 1002 extremis
863 957 996 1003 ltaliae
1026 955 1220 1015 finibus,
1259 961 1389 1009 alteri

98 1030 310 1080 adversus
336 1027 634 1076 Hannibalem
664 1029 846 1086 Bruttii,
866 1031 1066 1086 Lucani3
1096 1031 1223 1079 alteri
1243 1035 1390 1082 Gallia

99 1105 316 1154 adversus
348 1103 668 1150 Hasdrubalem
691 1103 857 1169 (quem
884 1104 969 1166 jam
1002 1106 1192 1169 Alpibus
1220 1125 1390 1172 appro-

98 1180 320 1245 pinquare
339 1176 456 1223 fama
475 1179 591 1237 erat)
613 1178 802 1225 decreta.
826 1178 1082 1228 Exercitum
1104 1197 1161 1226 ex
1181 1180 1388 1241 duobus,

96 1252 177 1317 qui
206 1252 251 1298 in
276 1251 449 1308 Gallia,
475 1250 642 1313 quique
671 1250 718 1297 in
747 1251 923 1298 Etruria
944 1252 1105 1310 essent,
1126 1253 1281 1301 addito
1311 1273 1391 1301 ur-

99 1327 221 1375 bano
235 1361 250 1383 ,
271 1324 453 1387 eligeret
467 1359 481 1381 ‚
500 1340 632 1387 quem
654 1323 828 1382 mallet,
857 1325 935 1388 qui
955 1325 1144 1371 Galliam
1167 1327 1270 1373 esset
1289 1327 1391 1374 sor-

94 1399 224 1446 titus.
252 1398 340 1444 Cui
369 1396 532 1443 Bruttii
562 1396 803 1463 provincia
823 1399 1064 1457 evenisset,
1087 1400 1224 1447 novis
1245 1400 1391 1465 legio·-

100 1472 237 1519 nibus
258 1468 441 1516 urbanis
462 1468 658 1532 scriptis,
679 1468 822 1517 utrius
841 1471 990 1517 mallet
1010 1470 1244 1518 consulum
1264 1474 1391 1536 prio-

99 1545 163 1592 ris
196 1542 327 1600 anni,
364 1541 614 1589 exercitum
652 1541 856 1590 sumeret.
893 1543 1113 1590 Relicstum
1149 1562 1173 1591 a
1203 1546 1390 1593 consule

99 1617 350 1666 ,exercitum
383 1618 444 1675 Q.
478 1614 664 1661 Fulvius
685 1614 958 1677 proconsul,
977 1616 1229 1678 acciperet3
1258 1618 1392 1682 eique

99 1690 150 1738 in
182 1705 348 1736 annum
374 1687 612 1751 imperium
641 1689 760 1737 effet.
794 1691 843 1737 ὅ(
876 1690 930 1736 C.
955 1688 1183 1749 Hostilio,
1203 1691 1275 1737 cui
1303 1706 1392 1753 pro

101 1760 280 1810 Etruria
295 1762 542 1808 Tarentum
563 1773 849 1809 mutaverant
865 1762 1151 1825 provinciam
1163 1798 1177 1821 ‚
1199 1780 1281 1826 pro
1297 1765 1392 1810 Ta-

103 1848 239 1883 rento
272 1837 473 1898 Capuam
512 1846 821 1882 mutaverunt.
861 1834 984 1899 legio
1019 1852 1109 1882 una
1152 1835 1281 1896 data,
1319 1835 1394 1884 cui

103 1909 293 1958 Fulvius
315 1908 532 1971 proximo
562 1925 685 1955 anno
716 1908 968 1971 praefuerat.

172 1982 394 2028 XXXVI.
416 1981 490 2027 De
509 1979 795 2027 Hasdrubalis
815 1980 1016 2028 adventu
1036 1979 1083 2026 in
1101 1981 1270 2029 Italiam
1287 1999 1397 2030 cura

105 2054 155 2102 in
172 2053 266 2100 dies
287 2052 524 2100 crescebat.
556 2052 889 2099 Maffilienfium
909 2051 1104 2114 primum
1121 2052 1254 2116 legati
1275 2070 1399 2100 nun-

103 2128 356 2184 tiaverant,
375 2143 476 2172 eum
496 2125 543 2171 in
564 2125 760 2171 Galliam
777 2123 1087 2188 transgressum
1106 2143 1116 2171 :
1136 2126 1313 2172 erefios
1309 2142 1398 2189 que

108 2199 309 2246 adventu
339 2197 464 2259 ejus,
496 2196 599 2260 quia
631 2194 841 2260 magnum
877 2197 1055 2260 pondus
1085 2197 1179 2243 auri
1209 2198 1400 2244 attuliss‘e

106 2272 332 2319 diceretur
361 2271 417 2318 ad
450 2271 654 2318 mercede
684 2269 851 2317 auxilia
881 2271 1207 2329 conducenda,
1234 2272 1399 2318 Gallo-

104 2360 208 2391 rum
236 2343 425 2391 animos.
458 2343 571 2390 miffi
601 2343 761 2390 deinde
792 2361 894 2391 cum
926 2343 978 2389 iis
1005 2343 1135 2406 legati
1164 2345 1217 2390 ab
1253 2345 1398 2388 Roma

107 2418 212 2466 Sex.
244 2418 463 2467 Antistius
491 2419 544 2468 &
576 2419 642 2469 Μ.
667 2417 844 2467 Raecius
868 2419 924 2466 ad
951 2432 1047 2468 rem
1078 2416 1400 2480 inspiciendam

1002 2492 1038 2536 E
1056 2506 1080 2537 e
1116 2506 1142 2536 2
