1628 2890
190 150 289 204 454
546 136 1149 187 T1T1L1V11·

196 247 401 296 cessabat.
433 244 564 292 collis
592 245 826 309 oppositus
854 247 1057 304 arcebat,
1074 264 1131 295 ne
1160 264 1238 296 aut
1264 265 1288 295 a
1307 247 1486 308 fronte‚‘

195 338 273 373 aut
299 325 354 370 ab
381 324 517 370 latere
547 325 906 388 aggrederentur.
938 328 1056 372 Inter
1080 325 1261 373 Livium
1285 325 1486 374 Hasdru-

195 405 434 464 balemque
464 402 622 466 ingens
649 404 929 450 contractum
951 418 1175 450 certamen
1194 416 1312 463 erat,
1329 416 1487 450 atrox-

193 491 283 543 que
325 481 469 527 caedes
507 480 721 543 utrinque
762 481 988 527 edebatur.
1033 480 1097 526 ibi
1139 482 1275 526 d‘uces
1317 480 1489 540 ambo,·

195 556 259 602 :ibi
291 574 391 619 pars
417 555 564 619 major
593 558 792 619 peditum
812 559 1108 622 equitumque
1136 558 1452 604 Romanorum
1472 574 1487 603 ε

195 635 259 680 ibi
293 635 505 698 Hispani,
532 629 672 684 'vetus
693 637 819 683 miles
856 635 1112 700 peritusque
1149 637 1369 681 Rornanae
1403 652 1490 696 pu-

195 730 322 775 gnae,
353 715 404 760 &
439 715 645 778 Ligures,
678 715 842 762 durum
880 716 927 761 in
962 715 1092 762 armis
1129 731 1282 778 genus.
1326 713 1490 760 eodem

198 790 317 836 versi
365 791 623 853 elephanti,
666 793 745 856 qui
785 793 937 855 primo
981 792 1156 854 impetu
1193 791 1492 837 turbaverant

197 870 540 933 antesignanos,
563 872 611 918 ὅ(
630 870 719 931 jam
744 871 864 935 signa
890 883 1135 918 moverant
1160 870 1302 917 loco:
1331 867 1494 915 deinde

198 948 427 995 crescente
460 950 699 996 certamine
737 951 787 996 &
826 949 1052 1009 clamore,
1075 947 1372 1012 impotentius
1402 945 1495 1009 jam

202 1026 325 1090 regi,
346 1026 532 1073 &inter
556 1027 663 1073 duas
689 1027 803 1074 acies
828 1026 1025 1084 versari,
1044 1027 1176 1074 velut
1195 1024 1355 1073 incerti
1375 1033 1495 1089 quo-⁴

200 1121 302 1150 rum
325 1104 484 1159 elsent3
504 1105 621 1151 haud
646 1105 908 1151 <liffimiliter
937 1106 1130 1154 navibus
1158 1099 1496 1167 fine'guberna-

202 1183 310 1228 culo
341 1182 478 1244 vagis.
503 1181 746 1238 Claudius,
783 1184 908 1244 Quid
931 1202 1021 1245 ergo
1031 1185 1237 1243 praecipiti
1266 1181 1386 1243 cursu
1407 1197 1496 1226 tam

203 1264 375 1322 longum
402 1265 477 1308 iter
497 1263 647 1327 emensi
655 1264 840 1323 sumus?
866 1262 1098 1309 clamitans
1117 1259 1365 1318 militibus,
1390 1275 1495 1306 cum

202 1340 253 1386 in
286 1341 522 1388 adversum
557 1342 722 1389 collem
759 1342 918 1390 frustra
953 1342 1071 1405 signa
1101 1340 1273 1405 erigere
1307 1350 1499 1386 conatus

204 1419 335 1478 esset,
354 1421 587 1485 postquam
609 1439 656 1468 ea
677 1421 866 1486 regione
885 1420 1111 1485 penetrari
1129 1419 1184 1466 ad
1208 1417 1382 1465 hostem
1401 1433 1499 1464 non

206 1498 393 1547 videbat
420 1501 569 1563 poffe3
592 1501 807 1548 cohortes
827 1500 1004 1564 aliquot
1031 1498 1261 1545 subductas
1281 1512 1305 1542 e
1335 1495 1499 1542 dextro

207 1592 380 1635 cornu,
401 1577 477 1624 ubi
496 1577 728 1625 stationem
748 1579 885 1642 magis
905 1577 1105 1642 segnem,
1121 1592 1256 1639 quam
1278 1590 1500 1637 pugnam,

207 1654 403 1702 futuram
427 1657 664 1716 cernebat,
685 1657 786 1720 post
806 1657 947 1705 aciem
973 1653 1281 1704 circumducit.
1306 1654 1378 1711 &,
1401 1668 1500 1699 non

206 1734 409 1781 hostibus
445 1736 616 1792 mod0‚
650 1734 723 1782 sed
758 1736 893 1782 etiam
928 1734 1015 1781 suis
1048 1731 1418 1796 inopinantibus,
1450 1729 1501 1777 in
1540 1719 1544 1723 .

204 1812 430 1860 sinistrum
459 1814 791 1860 hostiumlatus
816 1813 1035 1860 incurrit:
1057 1822 1267 1874 tantaque
1298 1807 1502 1857 celeritas

207 1889 319 1948 fuit,
354 1903 432 1950 ut,
469 1908 573 1937 cum
612 1891 904 1938 ostendissent
940 1891 982 1938 se
1015 1890 1068 1937 ab
1102 1890 1268 1947 latere,
1305 1904 1418 1934 mox
1452 1887 1503 1934 in

208 1980 329 2031 terga
357 1969 445 2031 jam
472 1983 736 2033 pugnarent.
771 1972 835 2017 Ita
856 1988 913 2016 ex
942 1968 1155 2017 omnibus
1186 1966 1415 2031 partibus,
1445 1966 1503 2012 ab

208 2048 387 2104 fronte,
421 2047 475 2093 ab
510 2048 672 2106 latere,
709 2047 764 2094 ab
800 2058 962 2112 tergo,
995 2046 1281 2093 trucidantur
1316 2042 1502 2107 Hispani

209 2126 512 2189 Liguresque:
547 2128 598 2174 ὅ(
637 2128 692 2174 ad
727 2127 886 2175 Gallos
914 2126 1003 2189 jam
1037 2126 1180 2174 caedes
1218 2137 1502 2189 pervenerat.

210 2204 276 2249 Ibi
305 2203 544 2250 minimum
573 2204 836 2255 certaminis
870 2204 967 2250 fuit.
1005 2219 1105 2250 nam
1137 2205 1187 2250 &
1215 2217 1316 2264 pars
1344 2217 1505 2264 magna

209 2280 266 2327 ab
297 2280 426 2343 lignis
465 2282 675 2340 aberant,
706 2283 838 2329 noete
877 2281 1060 2344 dilapsi,
1093 2279 1305 2342 stratique
1338 2278 1502 2324 somno

210 2358 362 2422 paffim
380 2376 460 2423 per
480 2369 618 2424 agros·
636 2378 646 2406 :
669 2363 720 2408 &
733 2396 748 2419 ‚
767 2361 845 2424 qui
863 2361 1068 2417 aderant,
1086 2359 1244 2406 itinere
1262 2373 1313 2406 ac
1333 2356 1504 2422 vigiliis

210 2435 334 2498 feffi,
371 2437 759 2486 intolerantissima
801 2437 971 2486 laboris
1007 2452 1233 2502 corpora,
1267 2434 1352 2484 vix
1384 2447 1504 2482 arma
