1628 2890
215 158 302 204 140
560 114 1129 190 T1T1³L1V11

208 254 263 300 ad
283 267 419 300 naves
444 250 610 313 viginti
639 249 837 313 quinque
853 286 865 309 ‚
888 249 1053 312 quibus
1075 251 1122 297 P.
1141 248 1350 297 Valerius
1369 248 1497 298 Flac-

207 343 286 372 cus
315 322 549 385 praefeffiis
571 334 786 384 praeerat,
808 322 974 386 viginti
1003 335 1173 385 paratas
1201 322 1306 369 alias
1341 322 1499 369 decer-

207 409 337 445 nunt.
381 396 461 443 His
481 397 749 459 comparatis
775 396 1062 461 deduffisque
1078 432 1090 454 ‚
1113 399 1162 464 δε
1185 397 1343 443 additis
1362 397 1498 459 quin-

208 487 298 533 que
331 468 557 528 navibus,
594 485 696 532 quae
733 468 1012 516 advexerant
1048 468 1255 532 captivos
1295 470 1499 532 legatos,

207 543 390 606 triginta
409 558 547 590 naves
576 542 631 588 ab
647 540 772 589 Ostia
789 543 1039 589 Tarentum
1056 542 1270 605 profectae
1289 561 1299 590 ε
1336 541 1498 604 juffus-

207 631 295 678 que
323 615 371 661 P.
393 613 599 660 Valerius
617 649 631 672 ,
664 613 880 660 militibus
902 613 1201 661 Varronianis
1218 650 1231 672 ‚
1259 614 1422 678 quibus
1448 616 1497 661 L.

208 687 423 750 Apustius
454 688 622 751 legatus
651 688 836 733 Tarenti
866 699 1080 750 praeerat,
1107 687 1154 733 in
1185 702 1323 734 naves
1350 686 1502 748 impo-

209 761 330 819 sitis,
367 760 692 824 quinquaginta
724 759 911 807 navium
942 759 1069 806 classe
1100 776 1195 805 non
1216 758 1336 805 tueri
1356 758 1500 805 modo
1568 764 1583 769 ”

211 834 351 882 Italiae
384 849 511 880 oram
529 869 542 890 ‚
572 833 647 879 sed
677 832 917 895 explorare
943 833 998 878 de
1022 831 1327 879 Macedonico
1362 831 1502 878 bello.

210 908 244 955 si
280 906 576 971 congruentia
616 905 754 952 literis
809 905 1150 968 legatorumque
1187 903 1363 951 indiciis
1397 902 1504 949 Phi-

211 981 324 1044 lippi
358 978 543 1027 consilia
569 978 734 1036 essent,
763 989 815 1023 ut
836 979 901 1023 M.
920 977 1147 1023 Valerium
1174 987 1415 1039 praetorem
1445 974 1504 1021 li-

210 1055 318 1102 teris
355 1053 596 1101 certiorem
633 1052 826 1099 faceret:
863 1049 1010 1114 isque,
1044 1051 1094 1096 L.
1126 1049 1315 1112 Apustio
1350 1049 1502 1112 legato

213 1126 433 1176 exercitui
475 1125 721 1189 praepofito
743 1160 756 1182 ‚
792 1125 1041 1171 Tarentum
1084 1122 1139 1168 ad
1176 1122 1351 1169 claffem
1388 1135 1503 1182 pro-

213 1201 386 1258 settus,
439 1200 588 1261 primo
633 1213 816 1262 quoque
852 1209 1058 1258 tem-pore
1102 1194 1149 1240 in
1188 1193 1504 1240 Macedoniam

212 1272 565 1319 transmitteret:
606 1272 814 1336 daretque
846 1286 1057 1333 operam,
1086 1279 1135 1313 ut
1164 1267 1422 1330 Philippum
1454 1265 1504 1312 in

215 1363 360 1410 regno
385 1346 654 1393 contineret.
680 1344 875 1392 Pecunia
894 1344 949 1390 ad
973 1343 1149 1390 classem
1176 1340 1387 1388 tuendam
1407 1338 1505 1386 het-

215 1420 400 1483 ]umque
441 1419 795 1467 Macedonicum
820 1436 890 1466 -ea
927 1418 1103 1465 decreta
1144 1415 1236 1473 est,
1277 1432 1379 1479 quae
1418 1415 1503 1476 Ap.
1541 1444 1552 1449 —-

215 1493 409 1540 Claudio
442 1492 487 1539 in
521 1492 716 1540 Siciliam
738 1492 859 1539 miffa
890 1506 1008 1549 erat,
1036 1502 1087 1536 ut
1112 1489 1374 1535 redderetur
1397 1485 1504 1532 Hie-

214 1566 321 1612 roni
354 1564 471 1628 regi:
506 1582 568 1612 ea·
585 1582 666 1628 per
694 1567 743 1612 L.
768 1563 1001 1626 Apustium
1031 1562 1225 1623 legatum
1255 1561 1503 1621 Tarentum

216 1637 279 1684 est
306 1638 503 1685 devecta.
538 1636 666 1683 fimul
693 1637 747 1683 ab
780 1636 980 1682 Hierone
1002 1633 1126 1680 miffa
1148 1633 1339 1681 ducenta
1363 1630 1503 1677 millia

216 1711 421 1759 modium
454 1710 619 1768 tritici,
643 1712 691 1758 δέ
713 1709 877 1756 hordei
907 1720 1102 1755 centum.

290 1785 509 1831 XXXIX.
545 1784 676 1830 Dum
707 1783 804 1829 haec
833 1781 1031 1829 Romani
1058 1790 1216 1844 parant
1247 1788 1502 1842 aguntque,

218 1856 274 1904 ad
296 1855 552 1918 Philippum
582 1847 763 1918 captiva
793 1854 948 1912 navi8‚
975 1870 1066 1900 una
1097 1870 1153 1899 ex
1181 1852 1258 1909 iis,
1287 1868 1388 1914 quae
1408 1852 1506 1896 Ro-

219 1946 338 1976 mani
370 1928 507 1975 miffae
536 1939 690 1985 erant,
716 1944 773 1974 ex
800 1926 930 1974 cursu
960 1925 1156 1989 refugit:
1187 1925 1291 1971 inde
1317 1923 1472 1971 scitum
1490 1959 1506 1982 ‚

219 2003 390 2066 legatos
421 2020 524 2050 cum
560 2001 699 2049 literis
731 2012 906 2065 captos,
948 2003 1100 2063 Itaque
1125 1998 1305 2061 ignarus
1338 1997 1391 2042 de
1420 1996 1507 2055 iis,

218 2094 321 2139 quae
339 2093 440 2123 cum
461 2074 713 2138 Hannibaie
730 2072 884 2137 legatis
905 2071 991 2118 suis
1013 2069 1329 2119 convenissent
1343 2103 1357 2126 ,
1378 2085 1508 2131 quae-

218 2164 305 2209 que
330 2148 463 2211 iegati
495 2146 588 2208 ejus
622 2146 677 2192 ad
708 2145 750 2193 se
786 2145 961 2192 allaturi
996 2143 1204 2198 fuissent,
1232 2140 1506 2204 legationem

220 2221 349 2266 aliam
377 2237 479 2267 cum
511 2219 673 2266 eisdem
703 2219 922 2266 mandatis
944 2217 1096 2263 mittit.
1128 2215 1281 2278 Legati
1309 2213 1363 2259 ad
1383 2215 1508 2259 Han-

220 2292 416 2338 nibalem
440 2293 551 2338 miffi
568 2329 581 2351 ‚
616 2293 868 2338 Herae-{itus
887 2326 901 2349 ,
932 2290 1006 2337 cui
1025 2288 1217 2335 Scotino
1248 2302 1509 2349 cognomen

223 2377 344 2422 erat.)
366 2367 415 2412 ὅ(
444 2367 575 2412 Crito
602 2368 852 2422 Beroeaeus,
879 2366 929 2411 &
956 2363 1182 2410 Sositheus
1210 2363 1410 2424 Magnes.
1447 2358 1510 2405 Hi

220 2438 434 2504 prospere
461 2439 659 2488 tulerunt
687 2456 739 2488 ac
766 2438 1015 2486 retulerunt
1041 2435 1274 2504 mandata.‘
1295 2433 1368 2481 sed
1385 2431 1510 2497 prius
