1628 2890
224 107 788 157 msToRmRUM
821 107 955 154 ΜΒ.
992 82 1217 153 xxm
1287 108 1380 169 387

96 217 218 265 sores
246 234 393 281 neque
425 215 622 264 senatum
653 217 884 280 legerunt,
918 214 1278 279 necquidquam
1298 233 1380 278 pu⁴

93 289 225 336 blicae
242 291 306 335 rei
327 302 513 352 egerunt
533 307 543 335 :
565 306 686 335 mors
716 289 894 335 diremit
922 290 969 335 L.
991 288 1181 335 Veturii.
1209 288 1311 335 inde
1330 290 1382 336 δε

95 360 293 406 Licinius
316 360 496 407 censura
512 361 555 407 se
573 360 813 408 abdicavit.
833 360 1000 406 AEdiles
1027 361 1201 408 curules
1221 363 1268 406 L.
1290 362 1383 406 Ve-

94 434 239 480 turius
265 434 314 481 &
349 434 395 479 Ρ.
425 434 619 482 Licinius
640 436 787 481 Varus
817 435 951 481 ludos
993 436 1225 481 Romanos
1260 434 1382 481 diem

96 522 236 552 unum
268 507 581 554 instaurarunt.
611 507 779 553 AEdiles
807 507 947 569 plebis
979 508 1037 566 Q.
1069 507 1225 553 Catius
1249 509 1298 554 δε
1330 509 1383 554 L.

96 576 284 625 Porcius
315 579 495 627 Licinus
523 597 579 626 ex
605 580 860 627 multaticio
889 592 1073 643 argento
1105 580 1225 642 tigna
1257 596 1383 626 aenea

96 651 153 696 ad
172 652 349 699 Cereris
368 653 552 700 dedere:
574 654 622 700 ὃς
643 652 773 699 ludos
790 689 805 711 ‚
831 669 916 715 pro
937 652 1154 715 temporis
1177 652 1268 715 ejus
1296 669 1385 712 co-,

94 724 198 786 pia,
229 725 451 790 magnifici
486 739 720 789 apparatus
752 726 973 773 fecerunt.

179 798 275 844 Vn.
309 798 447 844 Exitu
480 798 587 844 anni
626 795 786 858 hujus,
822 798 892 843 die
921 810 1085 861 quarto
1124 799 1174 844 &
1210 798 1383 846 tricesi-

96 887 175 917 mo
189 906 204 926 ,
225 888 360 934 quam
388 872 442 917 ab
461 873 721 918 Tarracone
747 869 974 931 profecius
1005 883 1122 925 erat,
1142 870 1196 917 C.
1216 871 1381 918 Laelius

94 942 263 1004 legatus
284 942 506 1005 Scipionis
526 943 718 988 Romam
740 942 888 987 venit:
911 942 1032 1004 isque
1048 978 1060 998 ‚
1079 959 1181 988 cum
1203 943 1382 1005 agmine

95 1015 387 1078 captivorum
410 1014 620 1079 ingressus
651 1013 836 1071 urbem,
870 1026 1082 1076 magnum
1111 1014 1382 1062 concursum

96 1089 332 1134 hominum
351 1087 471 1135 fecit.
491 1086 675 1133 Postero
695 1085 764 1132 die
785 1086 831 1132 in
850 1085 1050 1132 senatum
1074 1085 1380 1146 introduetus,

95 1173 272 1224 captam
311 1160 656 1223 Carthaginem,
692 1173 826 1221 caput
860 1159 1112 1222 Hispaniae,
1149 1176 1242 1206 uno
1277 1161 1382 1219 die,

95 1233 382 1298 receptasque
408 1234 582 1296 aliquot
601 1233 731 1278 urbes
747 1269 760 1290 ,
785 1249 884 1296 quae
905 1232 1182 1290 defecissent,
1216 1232 1382 1280 novas-

95 1327 183 1373 que
216 1309 262 1354 in
297 1308 553 1354 societatem
586 1305 790 1360 adscitas,
826 1305 1047 1368 exposuit.
1086 1308 1154 1352 Ex
1186 1305 1407 1367 captivis*

96 1394 328 1445 comperta
362 1381 428 1426 his
452 1379 542 1425 fere
576 1378 901 1441 congruentia,
935 1396 1034 1442 quae
1054 1377 1102 1423 in
1121 1377 1258 1424 literis
1281 1378 1383 1424 fue-

96 1471 197 1504 rant
214 1453 458 1513 M.·Valerii
480 1451 700 1498 Mefllallae.
724 1451 919 1497 Maxime
937 1451 1088 1497 movit
1105 1451 1255 1497 Patres
1272 1451 1383 1497 Has-

96 1531 292 1578 drubalis
325 1528 526 1575 transitus
561 1526 608 1572 in
644 1526 838 1582 ltaliam,
866 1525 948 1571 vix
979 1524 1220 1571 Hannibali
1249 1536 1382 1588 atque

94 1604 193 1666 ejus
212 1602 342 1650 armis
367 1598 682 1646 subsistentem.
705 1598 949 1644 Productus
969 1599 1018 1644 δέ
1038 1597 1082 1643 in
1102 1597 1382 1644 concionem

97 1677 258 1724 Laelius
290 1674 443 1721 eadem
464 1670 698 1717 edifferuit.
733 1671 916 1716 Senatus
947 1671 1009 1716 ob
1043 1685 1112 1716 res
1140 1668 1330 1716 feliciter
1355 1686 1383 1716 a

95 1753 145 1798 P.
162 1748 374 1810 Scipione
395 1745 531 1809 gestas
551 1743 921 1806 supplicationem
941 1743 989 1789 in
1008 1759 1149 1790 unum
1168 1742 1286 1790 diem
1307 1742 1382 1790 de-

99 1823 259 1872 crevit.
305 1821 360 1867 C.
393 1818 580 1866 Laelium
611 1817 759 1880 primo
791 1832 974 1879 quoque
1000 1828 1206 1877 tempore
1226 1850 1240 1873 ,
1277 1832 1393 1861 cum.

98 1896 264 1959 quibus
284 1904 472 1943 Venerat
491 1891 686 1938 navibus
700 1926 714 1949 ,
742 1890 884 1936 redire
906 1890 953 1936 in
969 1888 1226 1951 Hispaniam
1249 1887 1384 1950 jussit.

101 1965 385 2028 Carthaginis
418 1963 799 2026 expugnationem
831 1962 878 2008 in
913 1962 1032 2008 hunc
1067 1978 1232 2008 annum
1267 1975 1384 2006 con-

99 2041 217 2099 tuli,
249 2038 400 2085 multis
437 2035 726 2090 auftoribus;
767 2033 887 2080 haud
921 2034 1128 2091 nescius,
1165 2031 1385 2096 quosdam

101 2115 209 2172 effe,
227 2112 306 2176 qui
325 2126 445 2157 anno
471 2107 720 2173 insequenti
741 2119 914 2169 captam
937 2106 1223 2152 tradiderint:
1255 2105 1385 2168 quod

101 2187 215 2235 mihi
241 2186 391 2232 minus
418 2183 556 2230 simile
577 2180 675 2227 veri
693 2179 835 2228 visum
859 2178 918 2225 est
934 2215 947 2238 ‚
975 2186 1139 2225 a'nnum
1160 2177 1385 2240 integrum

103 2261 365 2323 Scipionem
396 2257 506 2305 nihil
541 2256 743 2320 gerundo
771 2254 816 2300 in
846 2253 1057 2316 Hispania
1088 2251 1386 2301 consumfiffe.

104 2336 167 2393 Q.
185 2332 324 2380 Fabio
343 2332 550 2379 Maximo
565 2330 796 2393 quintum,
817 2329 879 2387 Q.
892 2326 1053 2373 Fulvio
1073 2324 1232 2371 Flacco
1254 2339 1385 2383 quar⁶

104 2417 200 2455 tum
234 2403 523 2467 consulibus,
554 2401 701 2455 Idibus
725 2398 928 2460 Martiis,
950 2394 1135 2516 φΙιΞοιὶάἰε
1160 2393 1388 2459 magistrat

1101 2485 1128 2516 2
