1628 2890
216 174 807 226 HISTORIARUM
842 177 977 239 LIB.
1013 174 1209 225 XXIV.
1285 192 1375 244 179

90 286 271 344 tabant,
289 284 645 349 Gracchumque¹
669 286 880 346 orabant,
905 296 956 333 ut
987 284 1158 349 epulari
1187 286 1377 350 permit·

89 373 202 409 teret
221 359 452 418 militibus.
472 361 527 405 Et
548 358 781 405 Gracchus
801 358 860 405 ita
881 359 1100 420 permisit,
1121 359 1169 406 in
1188 359 1378 423 publico

88 433 378 497 epularentur
397 448 568 479 omnes.
598 433 716 477 Ante
738 429 834 477 suas
854 431 1105 495 quibusque
1128 431 1248 481 fores
1267 450 1376 496 pro-

90 507 179 554 lata
201 506 368 554 omnia,
400 504 582 568 pileati,
611 516 686 550 aut
712 503 812 550 lana
840 504 939 550 alba
962 505 1123 552 velatis
1153 506 1376 569 capitibus

90 581 290 628 volones
315 577 481 641 epulati
510 572 732 630 sunt;a1ii
759 575 1054 635 accubantes,
1082 576 1156 623 alii
1186 579 1345 628 stantes
1362 614 1380 639 ‚

91 652 174 717 qui
202 650 330 698 fimul
357 646 666 695 ministrabant
692 646 1092 710 vescebanturque.
1127 649 1282 713 Digna
1309 667 1381 700 res

93 724 220 783 visa,
249 735 299 769 ut
329 719 610 768 fimulacrum
640 717 850 765 celebrati
876 717 971 779 ejus
1001 718 1087 765 diei
1115 722 1381 783 Gracchus,

91 797 330 862 postquam
360 794 555 839 Romam
586 790 747 849 rediit,
766 789 892 854 pingi
920 791 1091 852 juberet
1116 793 1162 839 in
1193 795 1284 841 aede
1308 798 1382 844 Li-

90 869 299 925 bertatis,
312 882 445 930 quam
465 876 591 927 pater
608 861 701 924 ejus
721 863 769 908 in
784 863 1020 913 Aventino
1036 880 1091 909 ex
1109 865 1382 917 mulstaticia

92 940 285 1007 pecunia
309 935 554 985 faciendam
574 935 750 983 curavit
770 935 1104 1000 dedicavitque.

156 1015 299 1062 XVII.
327 1013 454 1059 Dum
474 1010 570 1056 haec
591 1009 645 1055 ad
663 1010 976 1057 Beneventum
995 1023 1232 1074 geruntur,
1257 1015 1378 1062 Han-

93 1088 243 1146 nibal,
276 1084 575 1149 depopulatus
603 1083 1168 1149 agrutheapolitanum,
1192 1087 1246 1132 ad
1276 1089 1379 1135 No-

92 1160 183 1209 lam
205 1158 342 1205 castra
364 1168 534 1204 movet.
568 1171 701 1219 quem
722 1154 800 1202 ubi
824 1156 1068 1203 adventare
1093 1157 1253 1205 consul
1282 1160 1379 1208 sen-

92 1232 176 1290 fit,
206 1228 468 1292 Pomponio
502 1240 785 1291 propraetore
814 1245 916 1275 cum
950 1246 1007 1277 eo
1038 1230 1270 1290 exercitu,
1300 1233 1379 1296 qui

92 1305 223 1367 super
242 1301 483 1349 Suessulam
511 1300 558 1347 in
587 1300 735 1348 castris
764 1314 883 1360 erat,
905 1301 1053 1349 accito
1068 1338 1081 1361 ,
1103 1301 1166 1349 ire
1191 1303 1382 1353 obviam

93 1376 213 1425 hosti
235 1386 359 1438 parat
373 1409 389 1430 ,
412 1390 497 1421 nec
516 1389 690 1420 moram
715 1373 956 1421 dimicandi
976 1373 1136 1423 facere.
1158 1377 1210 1423 C.
1239 1377 1380 1426 Clau·-

92 1450 219 1497 dium
243 1449 474 1494 Neronem
497 1463 597 1494 cum
621 1446 790 1494 robore
809 1448 1008 1510 equitum
1036 1448 1212 1495 silentio
1232 1453 1381 1500 noetis

94 1540 175 1588 per
202 1520 403 1569 aversam
423 1520 618 1566 maxime
643 1519 698 1566 ab
727 1519 855 1566 hoste
873 1532 1052 1582 portam
1073 1521 1237 1569 emittit
1256 1542 1266 1570 ε
1289 1524 1382 1572 cir-

95 1596 470 1659 cumveE'tumque
500 1595 682 1642 occulte
702 1593 907 1657 subsequi
932 1594 1088 1642 senfim
1111 1612 1268 1661 agmen
1291 1599 1381 1647 ho-

94 1673 224 1719 stium
254 1670 407 1733 jubet,
439 1672 516 1728 &‚
552 1687 655 1717 cum
690 1683 900 1717 coortum
927 1668 1142 1733 proelium
1174 1672 1382 1732 videret,

93 1747 148 1794 ab
174 1759 301 1809 tergo
324 1745 367 1792 se
389 1744 601 1807 objicere.
630 1744 678 1790 Id
699 1760 853 1799 errore
888 1743 1066 1791 viarum
1082 1779 1097 1803 ‚
1126 1762 1183 1792 an
1203 1747 1382 1812 exigui·-

95 1829 185 1865 tate
216 1816 462 1880 temporis,
484 1817 611 1863 Nero
638 1815 820 1879 exsequi
846 1831 943 1862 non
972 1817 1202 1879 potuerit,
1231 1819 1383 1868 incer·-

94 1905 191 1937 tum
214 1889 288 1937 est.
307 1890 499 1938 Absente
520 1907 577 1937 eo
598 1906 700 1937 cum
718 1888 934 1954 proelium
956 1889 1238 1939 commissum
1258 1895 1383 1955 effer,

95 1962 303 2024 superior
336 1963 515 2027 quidem
546 1963 665 2009 haud
697 1962 832 2009 dubie
862 1962 1098 2010 Romanus
1127 1976 1248 2012 erat:
1279 1967 1382 2029 sed,

95 2034 204 2098 quia
222 2033 390 2096 equites
412 2050 508 2079 non
529 2034 692 2082 affuere
713 2035 762 2082 in
792 2040 1026 2097 tempore3
1047 2035 1165 2082 ratio
1184 2053 1383 2101 compo-

96 2108 188 2155 sitae
209 2107 272 2154 rei
289 2108 464 2155 turbata
483 2107 558 2156 est.
585 2125 682 2154 non
703 2108 828 2156 ausus
843 2107 1013 2171 insequi
1034 2108 1241 2158 cedentes
1262 2114 1384 2159 Mar-

97 2181 265 2240 cellus,
293 2180 583 2230 vincentibus
604 2182 691 2230 suis
709 2183 880 2247 signum
902 2183 1103 2245 receptui
1123 2184 1258 2232 dedit.
1277 2189 1383 2238 Plus

96 2266 243 2302 tamen
272 2254 366 2302 duo
396 2255 536 2303 millia
564 2256 758 2304 hostium
790 2273 847 2304 eo
875 2255 946 2303 die
977 2254 1088 2302 caesa
1114 2257 1351 2308 traduntur
1369 2280 1384 2309 .-

95 2327 296 2375 Romani
339 2327 488 2375 minus
535 2328 885 2393 quadringentis.
928 2328 1044 2375 Solis
1084 2327 1176 2376 fere
1214 2334 1383 2382 occasu

97 2400 249 2456 Nero,
270 2397 389 2445 diem
415 2399 686 2464 noitemque
705 2400 1011 2464 nequidquam
1040 2396 1230 2462 fatigatis
1255 2405 1383 2467 equis

65 2492 68 2495 v
97 2469 468 2536 hominibusque,
490 2488 547 2520 ne
568 2471 668 2522 viso
686 2470 868 2537 quidem
888 2470 1015 2519 hoste
1043 2472 1244 2536 rediens,
1267 2477 1402 2524 adeo·

1022 2545 1073 2590 M
1103 2561 1128 2591 2
