1628 2890
285 126 834 196 HisTO-RtARUM
874 125 1003 171 ΜΒ.
1041 123 1248 170 xxm.
1318 136 1413 183 327

131 238 372 304 sociosque
387 273 402 297 ‚
429 238 479 285 &
496 233 716 282 divinatio
734 233 935 296 quaedam
961 230 1129 286 futuri3
1151 246 1245 293 quo
1266 228 1417 276 minus

131 313 249 360 ratio
266 310 440 359 timoris
456 309 578 356 reddi
609 318 785 370 poterat
804 305 957 352 oborti
976 318 1141 351 temere
1164 337 1175 357 ‚
1195 302 1415 365 majorem

131 386 326 434 inferens
359 397 542 432 metum.
585 386 634 429 In
665 381 852 428 hiberna
885 379 1046 425 diversi
1081 377 1408 425 concesserant:

132 459 378 508 Hasdrubal
415 457 627 521 Gisgonis
647 455 786 519 usque
818 455 873 501 ad
902 456 1137 500 Oceanum
1166 453 1216 499 δε
1239 451 1384 498 Gades
1403 468 1417 497 ε

130 535 269 597 Mago
301 532 348 580 in
367 531 712 586 mediterranea,
743 529 938 576 maxime
956 528 1089 590 supra
1112 525 1410 573 Castulonen-

129 609 218 656 sem
236 606 430 655 'saltumz
467 603 713 652 Hasdrubal
742 601 1004 649 Hamilcaris
1030 599 1146 648 filius
1176 599 1412 662 proximus

130 685 260 731 Ibero
280 684 401 733 circa
423 684 668 746 Saguntum
693 678 963 725 hibernavit.
1000 674 1178 724 AEstatis
1210 673 1306 736 ejus
1334 690 1418 720 ex.-

129 769 307 814 tremo‚
339 772 432 819 quo
467 766 593 816 capta
621 751 682 798 est
709 752 891 812 Capua,
924 752 974 798 δε
1002 748 1156 808 Scipio
1185 747 1230 793 in
1258 745 1416 809 Hispa-

131 829 250 877 niam
272 829 424 887 venit,
443 826 611 874 Punica
632 823 770 872 claffis
785 855 799 878 ,
827 839 882 869 ex
900 822 1048 878 Sicilia
1063 822 1311 868 Tarentum
1337 835 1414 864 ac-

131 903 219 950 cita
236 902 291 950 ad
307 901 526 950 arcendos
545 908 822 946 commeatus
841 895 1029 959 praesidii
1045 892 1266 946 Romani,
1286 890 1421 957 quod.

129 974 178 1020 in
208 991 309 1022 arce
328 972 570 1022 Tarentina
593 981 686 1017 erat
701 1005 715 1027 ,
737 967 949 1016 clauserat
970 966 1148 1030 quidem
1180 962 1337 1010 omn-es'
1356 963 1411 1010 ad

131 1066 275 1099 arcem
305 1067 328 1095 a
356 1048 465 1094 mari
492 1046 666 1101 aditus;
701 1040 775 1091 fed
802 1044 874 1090 affl
909 1043 1027 1089 endo
1062 1040 1224 1087 diutius
1244 1038 1411 1086 3τᾶἰο-

129 1141 225 1171 rem
260 1136 488 1169 annonam
520 1117 688 1176 sociis,
723 1134 855 1180 quam
890 1116 1038 1174 hosti,
1068 1113 1272 1161 faciebat.
1313 1128 1411 1158 non

129 1196 247 1244 enim
275 1206 450 1241 tantum
483 1191 674 1237 subvehi
705 1189 943 1252 oppidanis
977 1204 1056 1250 per
1085 1199 1240 1250 pacata
1272 1186 1410 1231 litora

126 1265 392 1331 apertosque
410 1275 567 1327 portus
587 1261 789 1324 praefidio
805 1260 990 1309 navium
1009 1259 1275 1306 Punicarum
1297 1268 1407 1320 pot-

129 1352 251 1397 erat,
285 1353 503 1402 quantum
540 1334 752 1381 frumenti
788 1333 926 1380 clafiis
968 1331 1059 1394 ipsa
1090 1330 1219 1378 turba
1253 1329 1407 1376 navali

126 1414 269 1461 mixta
294 1429 349 1458 ex
377 1410 504 1459 omni
523 1425 682 1471 genere
707 1407 944 1454 hominum
963 1405 1246 1454 absumebat:
1269 1415 1319 1450 ut
1336 1421 1408 1451 ar-

126 1487 189 1534 cis
209 1484 458 1549 praesidium
479 1484 612 1530 etiam
629 1483 720 1530 fine
744 1483 927 1529 inve&o
950 1480 1079 1545 (quia
1103 1478 1232 1542 pauci
1254 1475 1405 1540 erant)

126 1573 301 1615 extante
320 1569 570 1622 praeparat-0
588 1557 815 1606 sustentari
835 1557 1000 1620 possen
1023 1552 1280 1600 Tarentinis
1301 1551 1406 1612 clas-

125 1633 245 1695 sique
267 1647 322 1677 ne
353 1631 579 1678 invedium
606 1630 787 1694 quidem
811 1630 1041 1692 sufficeretf
1077 1625 1281 1672 Tandem
1306 1641 1402 1671 ma-

124 1704 221 1766 jore
253 1700 391 1764 gratia
410 1737 423 1756 ‚
453 1718 584 1764 quam
609 1713 821 1759 venerat,
847 1695 988 1748 claffis
1019 1697 1184 1745 dimissa
1214 1695 1287 1743 est:
1323 1713 1402 1742 an—

125 1791 247 1820 nona
277 1772 394 1819 haud
427 1773 616 1819 multum
643 1772 904 1820 laxaverat:
934 1772 1034 1835 quia
1056 1809 1070 1829 ,
1096 1782 1277 1817 remoto
1304 1785 1400 1814 ma-

124 1847 277 1894 ritimo
298 1842 528 1908 praefidib,
560 1845 747 1893 subvehi
771 1846 1042 1894 frumentum
1063 1862 1157 1891 non
1177 1853 1367 1907 poterat.

194 1920 320 1966 XXI.
352 1917 558 1979 Ejusdem
593 1917 749 1965 aestatis
783 1919 938 1977 exitu,
966 1920 1029 1964 M.
1061 1914 1300 1963 Marcellus
1340 1929 1398 1958 ex

123 1991 273 2040 Sicilia
292 1990 531 2053 provincia
561 2007 660 2037 cum
681 1991 733 2037 ad
756 1991 912 2039 urbem
931 1989 1122 2037 veniffet
1139 2024 1153 2045 ‚
1183 2005 1205 2033 a
1226 1987 1280 2033 C.
1299 1985 1400 2032 Cal·

122 2065 287 2127 purnio
317 2080 508 2126 praetore
534 2063 706 2111 senatus
729 2064 769 2110 ei
796 2064 850 2111 ad
879 2063 1015 2109 aedem
1047 2061 1245 2108 Bellonae
1273 2059 1401 2106 datus

124 2137 198 2186 est.
230 2137 291 2184 ibi
318 2154 418 2184 cum
450 2138 504 2184 de
527 2139 661 2185 rebus
692 2155 715 2184 a
743 2137 785 2184 se
814 2136 944 2202 gestis
973 2135 1258 2192 differ-uisset,
1288 2148 1400 2198 que-

47 2232 54 2233 ff
122 2211 210 2256 ,stus
247 2209 403 2256 leniter
431 2225 526 2257 non
556 2208 674 2256 suam
704 2209 842 2273 magis
862 2245 876 2266 ,
912 2225 1040 2272 quam
1069 2208 1288 2265 militum,
1323 2206 1397 2252 vi·

115 2301 221 2341 ,cem
235 2320 248 2340 ‚
275 2283 398 2347 quod
417 2282 656 2346 provincia
675 2283 876 2330 confe&a
894 2284 1140 2330 exercitum
1161 2283 1398 2344 deportare

123 2374 219 2403 non
234 2357 442 2415 licuisset,
457 2354 720 2419 postulavit,
736 2366 786 2401 ut
804 2354 1096 2418 triumphanti
1114 2355 1269 2401 urbem
1285 2352 1397 2398 inire

110 2429 290 2481 liceret.
313 2428 358 2476 id
377 2444 471 2476 non
487 2426 758 2491 impetravit.
777 2426 894 2473 Cum
915 2427 1066 2476 multi<
1081 2424 1231 2473 verbis
1252 2424 1397 2472 astum

1033 2501 1075 2544 7<
1119 2518 1143 2556 ¹}
