1628 2890
195 167 285 209 124
537 143 1103 191 T1T1L1V11

188 255 324 302 ambo
352 253 487 299 duces
503 286 517 308 ‚
544 248 702 311 junffis
728 247 900 310 copiis,
921 247 985 294 ire
1004 246 1192 295 obviam
1213 243 1375 309 coeptis
1402 255 1467 294 at:-

186 343 275 389 que
295 323 502 371 obsistere
532 332 714 384 parant3
749 320 834 367 rati
861 320 893 366 fi
914 319 1152 367 Hannibali
1172 356 1186 378 ,
1221 319 1305 366 vix
1326 336 1403 382 per
1422 318 1469 365 se

191 399 272 461 ipsi
307 395 544 442 tolerando
576 393 711 440 Italiae
747 391 894 449 hosti,
928 391 1173 438 Hasdrubal
1207 392 1297 438 dux
1333 403 1470 454 atque

192 467 491 548 Hispaniensis
515 467 738 514 exercitus
760 465 863 512 effer
892 464 1097 543 inustus,
1122 462 1250 512 illum
1271 462 1470 512 Romani

192 539 366 587 finem
355 538 532 600 imperii
560 537 675 585 fore.
705 537 787 584 His
805 536 928 583 anxii
947 535 1063 583 curis
1083 534 1136 581 ad
1159 535 1330 581 Iberum
1353 550 1473 582 con-

191 613 372 660 trahunt
405 611 581 673 copias;
613 607 902 667 &,trans1to
931 624 1088 666 amne,
1121 623 1222 654 cum
1247 606 1324 653 diu
1355 621 1472 653 con-

193 684 419 732 sultaffent
437 718 451 740 ‚
475 694 625 728 utrum
655 680 790 728 castra
817 679 964 727 castris
991 678 1251 726 conferrent
1269 713 1282 735 ‚
1319 695 1375 725 an
1403 677 1473 724 sa·-

194 755 252 803 tis
284 753 526 809 haberent,
559 751 692 798 sociis
727 750 1162 813 Carthaginienslum
1198 765 1472 812 oppugnan-

195 829 264 876 dis
284 864 298 886 ‚
332 826 499 873 morari
531 825 586 871 ab
615 824 772 870 itinere
809 822 1043 885 propofito
1077 822 1250 868 hostem
1269 857 1282 880 ‚
1317 819 1476 867 urbem

196 920 220 949 a
251 900 513 965 propinquo
541 898 726 944 flumine
756 897 926 943 lberam
954 895 1217 958 appellatam
1238 930 1252 952 ,
1286 894 1476 957 opulen-

197 975 402 1021 tiffimam
439 989 489 1018 ea
525 969 782 1032 tempestate
814 968 1010 1031 regionis
1046 967 1139 1029 ejus
1162 1003 1176 1026 ,
1215 981 1480 1030 oppugnare

199 1058 372 1111 parant.
407 1044 534 1108 quod
560 1043 638 1090 ubi
669 1036 797 1089 sensit
817 1041 1092 1099 Hasdrubal,
1112 1057 1197 1104 pro
1218 1039 1307 1103 ope
1332 1039 1478 1086 feren-

201 1120 256 1166 da
280 1118 410 1165 sociis
428 1152 442 1175 ‚
466 1116 612 1180 pergit
635 1115 725 1178 ipse
743 1115 806 1162 ire
829 1114 883 1161 ad
903 1114 1059 1160 urbem
1076 1146 1090 1168 ‚
1112 1113 1304 1159 deditam
1332 1126 1482 1173 nuper·

202 1194 248 1239 in
267 1191 398 1237 fidem
416 1193 751 1246 Romanorum,
769 1187 1129 1250 oppugnandam.
1150 1186 1207 1232 ita
1225 1185 1312 1246 jam
1329 1194 1481 1245 coepta

203 1266 380 1313 obsidio
417 1262 570 1311 omifia
600 1261 654 1307 ab
677 1257 896 1306 Romanis
926 1257 1016 1316 est,
1052 1257 1137 1303 &
1127 1274 1173 1302 m
1203 1255 1345 1319 ipsum
1368 1253 1482 1300 Has-

204 1337 435 1387 drubalem
458 1334 635 1382 versum
656 1331 836 1379 bellum.

281 1409 458 1456 XXIX.
487 1406 705 1469 Quinque
741 1403 930 1450 millium
964 1400 1212 1449 intervallo
1249 1399 1383 1447 castra
1413 1398 1484 1445 di-
1538 1434 1548 1439 ..

207 1481 361 1529 stantia
382 1479 573 1524 habuere
596 1493 768 1540 paucos
794 1475 913 1521 dies:
949 1490 1030 1520 nec
1054 1473 1142 1518 fine
1173 1473 1345 1519 levibus
1363 1488 1484 1534 proe-

208 1554 307 1611 liis,
331 1569 414 1598 nec
442 1564 490 1597 ut
516 1550 562 1596 in
592 1550 732 1596 aciem
762 1548 949 1595 exirent.
976 1547 1152 1592 tandem
1185 1562 1278 1592 uno
1304 1545 1486 1591 eodem-

209 1644 299 1691 que
329 1626 399 1671 die
433 1623 560 1671 velut
594 1640 649 1669 ex
679 1621 934 1684 composito
964 1620 1174 1681 utrinque
1207 1618 1377 1697 signum
1406 1634 1487 1680 pu-

211 1717 308 1763 gnae
328 1696 607 1760 propositum
629 1694 720 1751 est
742 1706 874 1755 atque
899 1692 1105 1738 omnibus
1133 1689 1276 1752 copiis
1297 1689 1342 1734 in
1368 1706 1488 1735 cam<-

212 1789 320 1836 pum
353 1768 622 1816 descensum.
661 1728 847 1827 Tiiplex
877 1764 992 1810 stetit
1018 1765 1220 1810 Romana
1247 1761 1375 1808 acies.
1409 1777 1489 1807 ve

213 1846 342 1891 litum
365 1859 463 1905 pars
483 1842 597 1887 inter
616 1838 924 1917 antesignanos
944 1837 1112 1892 locata,
1135 1852 1234 1898 pars
1251 1834 1349 1897 post
1369 1833 1488 1896 figna

215 1930 422 1978 accepta,
440 1914 608 1976 equites
629 1928 801 1958 cornua
820 1909 1012 1957 cinxere.
1036 1907 1284 1955 Hasdrubal
1298 1905 1414 1954 medi
1418 1921 1490 1951 am

216 1988 354 2035 aciem
373 1984 575 2048 Hispanis
595 1983 763 2030 firmat:
799 1983 845 2029 in
868 1983 1109 2038 cornibus,
1142 1981 1301 2025 dextro
1321 1980 1492 2024 Poenos

217 2062 366 2117 locat,
387 2059 507 2105 laevo
521 2056 654 2103 Afros
673 2054 1145 2115 mercenariorumque
1165 2050 1347 2097 auxilia:
1361 2045 1494 2110 equi-

217 2146 313 2178 tum
328 2130 542 2177 Numidas
558 2131 801 2175 Poenorum
822 2125 1067 2188 peditibus,
1083 2136 1256 2170 ceteros
1269 2122 1388 2168 Afris
1407 2135 1494 2182 pro

217 2205 431 2253 cornibus
470 2205 678 2266 opponit.
710 2218 791 2247 nec
822 2215 979 2246 omnes
1012 2196 1221 2243 Numidae
1251 2196 1300 2241 in
1332 2195 1495 2240 dextro

219 2277 360 2325 locati
376 2293 518 2324 cornu
538 2312 552 2333 ‚
588 2274 660 2320 sed
690 2273 849 2337 quibus
868 2308 883 2329 ,
919 2270 1191 2317 desultorum
1210 2268 1256 2314 in
1277 2267 1503 2322 modum3

220 2351 353 2397 binos
379 2349 653 2396 trahentibus
684 2363 826 2409 equos
850 2345 963 2391 inter
990 2343 1247 2389 acerrimam
1272 2341 1384 2402 saepe
1409 2355 1498 2400 pu·-

224 2440 356 2488 gnam
387 2422 435 2468 in
470 2432 695 2469 recentem
728 2433 893 2481 equum
921 2432 978 2462 ex
1017 2412 1127 2461 fess'o
1163 2412 1340 2461 armatis
1379 2422 1504 2456 tran-
