1628 2890
274 145 810 194 HISTOR1ARUM
857 147 985 195 ΜΒ.
1029 147 1198 195 xxm.
1335 167 1389 215 ,η

104 268 198 311 tes,
220 256 270 302 &
294 253 449 318 jugum
481 254 717 303 Calliculae
744 255 1042 319 superandum
1068 257 1200 316 esset,
1228 258 1396 305 necubi

104 332 339 377 Romanus
373 328 591 375 inclusum
628 327 824 376 vailibus
852 347 1012 393 agmen
1052 331 1393 394 aggrederetur3

106 401 349 448 ludibrium
382 400 650 451 oculorum,
671 400 817 462 specie
847 403 1048 449 terribile
1066 439 1078 461 ‚
1100 403 1153 449 ad
1179 403 1395 450 frustran-

105 475 210 521 dum
241 473 412 520 hostem
447 487 760 529 commentus,
795 475 1024 537 principio
1062 476 1216 523 noffis'
1240 476 1395 524 furtim

105 547 340 595 succedere
369 547 425 593 ad
455 558 633 593 montes
668 546 832 593 statuit.
874 548 1058 595 fallacis
1091 550 1266 596 consilii
1297 550 1394 598 talis

105 630 342 683 apparatus
380 619 474 666 fuit.
509 621 645 666 Faces
688 619 889 681 undique
926 638 983 667 ex
1019 622 1134 684 agris
1167 622 1397 681 collectae,

105 691 329 757 fascesque
348 693 602 758 virgarum,
626 704 759 757 atque
780 695 901 741 arida
921 693 1138 741 sarmenta
1157 695 1396 758 przeligan-

106 775 180 810 tur
222 764 437 811 cornibus
473 763 644 822 boum,
676 779 791 827 quos
827 763 1026 810 domitos
1060 764 1397 828 indomitosque

106 836 276 884 multos
305 836 422 883 inter
454 850 647 884 ceteram
675 835 885 900 agrestem
916 836 1111 898 praedam
1142 837 1309 899 agebat.
1343 838 1398 884 ad

107 911 200 958 duo
227 910 368 958 millia
389 910 527 957 ferme
550 911 693 957 boum
721 910 871 957 effecta
892 928 902 956 :
926 909 1286 974 Hasdrubalique
1317 926 1397 958 ne-

107 985 282 1050 gotium
304 986 453 1032 datum
471 1020 486 1042 ,
505 995 556 1031 ut
576 984 732 1047 primis
753 984 948 1032 tenebris
971 984 1116 1035 noffis
1142 984 1187 1031 id
1218 1002 1397 1031 armen²

105 1072 204 1106 tum
228 1058 420 1106 accensis
445 1056 661 1104 cornibus
679 1058 735 1104 ad
760 1073 940 1105 montes
960 1070 1111 1121 ageret
1125 1075 1141 1114 3
1174 1058 1370 1106 maxime
1386 1093 1401 1117 ,

106 1133 138 1181 fi
157 1133 328 1196 posset,
351 1132 484 1196 super
514 1130 647 1178 saltus
667 1131 722 1177 ab
741 1130 870 1178 hoste
894 1129 1091 1178 inseffos.

168 1206 315 1252 XVII.
333 1204 491 1251 Primis
508 1203 704 1251 tenebris
722 1203 900 1251 silentio
920 1215 1044 1251 mota
1064 1202 1225 1251 castra:
1249 1203 1395 1252 boves

105 1279 338 1342 aliquanto
365 1290 468 1325 ante
498 1278 619 1342 figna
654 1277 752 1324 acti.
783 1279 861 1325 ubi
890 1279 946 1324 ad
973 1278 1145 1325 radices
1172 1279 1398 1325 montium

106 1352 292 1416 viasque
319 1351 522 1417 angustas
542 1367 732 1398 ventum
758 1350 849 1410 est,
868 1351 1039 1414 signum
1061 1351 1293 1412 extemplo
1319 1351 1399 1397 da-

105 1440 180 1472 tur
194 1460 209 1482 ,
229 1437 281 1471 ut
307 1424 502 1472 accensis
524 1423 741 1470 cornibus
762 1435 960 1471 armenta
990 1424 1035 1468 in
1055 1422 1265 1470 adversos
1286 1440 1401 1470 con-

106 1497 304 1544 citentur
332 1507 525 1543 montes.
567 1496 618 1542 &
648 1509 791 1543 metus
822 1495 914 1559 ipse
938 1495 1177 1542 relucentis
1208 1495 1401 1542 flammae

105 1587 163 1616 ex
181 1569 349 1632 capite,
366 1569 609 1633 calorque,
630 1566 718 1629 jam
741 1569 796 1616 ad
815 1569 978 1616 vivum
992 1604 1006 1626 ,
1026 1569 1082 1614 ad
1099 1568 1276 1633 imaque
1297 1587 1399 1616 cor·

105 1660 245 1690 nuum
282 1641 560 1700 adveniens,
597 1642 727 1690 velut
764 1641 1014 1689 stimulatos
1049 1641 1203 1687 fiirore
1242 1644 1401 1706 agebat

105 1717 265 1765 boves.
313 1732 405 1780 quo
446 1728 629 1779 repente
671 1715 896 1775 discursu,
937 1716 1058 1762 haud
1092 1715 1218 1763 secus
1260 1734 1396 1780 quam

103 1790 229 1838 silvis
248 1789 570 1854 montibusque
596 1789 790 1837 accensis
804 1824 818 1849 ,
840 1789 994 1835 omnia
1013 1789 1184 1836 circum
1202 1790 1399 1853 virgulta

106 1864 260 1911 ardere
279 1882 290 1910 z
312 1863 600 1927 capitumque
619 1862 745 1909 irrita
771 1862 1016 1925 quassatio,
1036 1862 1237 1910 excitans
1266 1863 1397 1909 flam-

106 1954 224 1984 mam
237 1973 254 1995 ,
274 1937 516 1984 hominum
533 1937 684 2000 passim
705 1936 1048 1983 discurrentium
1068 1935 1257 1999 speciem
1277 1953 1396 1998 prae-

107 2010 253 2057 bebat.
295 2010 393 2070 Qui
424 2010 479 2056 ad
508 2010 739 2057 transitum
775 2009 906 2057 saltus
940 2009 1220 2056 insidendum
1259 2008 1398 2055 locati

106 2096 261 2144 erant,
278 2083 355 2129 ubi
373 2082 419 2128 in
439 2083 619 2131 summis
643 2082 874 2130 montibus
900 2100 951 2130 ac
972 2081 1099 2145 super
1119 2081 1161 2128 se
1182 2080 1397 2145 quosdam

106 2155 231 2218 ignes
249 2155 611 2219 conspexerunt,
632 2156 972 2204 circumventos
991 2154 1031 2202 se
1050 2155 1134 2201 effe
1153 2155 1260 2212 rati,
1279 2171 1398 2216 prae-

106 2229 219 2275 fidio
240 2229 488 2286 exceffere3
519 2247 606 2295 qua
630 2230 815 2277 minime
842 2229 988 2280 densa:
1014 2229 1239 2276 micabant
1267 2228 1397 2274 flam-

108 2321 219 2363 mae,
248 2304 379 2352 velut
405 2304 668 2353 tutiffimum
698 2306 810 2365 iter,
832 2317 1035 2370 petentes
1062 2304 1230 2351 summa
1264 2321 1396 2350 mon·

108 2374 220 2421 tium
238 2374 355 2438 juga.
386 2387 536 2423 tamen
558 2378 604 2424 in
630 2376 848 2440 quosdam
872 2377 1017 2423 boves
1040 2375 1214 2438 palatos
1236 2375 1291 2422 ab
1312 2374 1398 2423 suis

106 2446 311 2511 gregibus
337 2447 606 2497 inciderunt.
639 2452 697 2497 Et
720 2449 898 2513 primO,
920 2465 1022 2496 cum
1042 2447 1204 2511 procul
1234 2463 1392 2496 cerne-
