1628 2890
276 154 823 211 HisToRIARUM
874 160 995 214 ΗΒ.
1040 163 1214 219 xxm.
1341 186 1396 239 19

108 261 196 314 bat.
232 263 388 313 Fabius
414 268 627 329 pei-‘loca
655 270 740 316 alta
771 288 929 334 agmen
959 273 1152 323 ducebat
1169 308 1182 334 ‚
1209 278 1398 326 modico

107 339 164 386 ab
183 338 307 384 hoste
326 339 569 387 intervallo
586 377 599 399 ‚
621 353 669 386 ut
688 358 836 406 neque
856 345 1086 396 omitteret
1104 365 1206 396 eum
1219 387 1234 408 ‚
1248 369 1402 415 neque

109 413 471 475 congrederetur.
501 414 696 473 Castris,
728 416 808 462 nifi
831 433 1045 481 quantum
1069 422 1172 471 usus
1202 427 1400 473 necessa-‘-

107 484 179 532 rio
209 499 420 549 cogeret,
445 489 680 534 tenebatur
697 488 840 536 miles.
870 492 1082 552 pabulum
1111 497 1297 561 &ligna
1317 513 1401 548 nee

106 557 238 621 pauci
255 558 489 620 petebant,
507 576 591 606 nec
611 560 781 622 paffim.
800 564 1016 625 Equitum
1039 564 1239 632 levisque
1257 588 1403 619 arma-2-

106 643 219 678 turae
250 632 408 690 stati0‚
433 633 684 695 composita
712 634 1011 701 instrufiiaque
1044 641 1093 686 in
1129 642 1299 691 subitos
1327 658 1401 692 tu*-

36 705 37 708 ’
107 706 302 764 multus,
335 708 383 753 &
406 706 485 752 suo
514 707 646 753 militi
668 719 762 754 tuta
790 710 974 769 omnia,
999 713 1049 760 δε
1071 714 1226 762 infesta
1256 718 1401 767 effusis

106 778 302 825 hostium
339 778 683 840 populatoribus
719 781 957 842 praebebat.
996 801 1142 848 neque
1186 789 1400 838 universo

106 851 312 916 periculo
343 851 511 898 summa
545 869 697 899 rerum
737 856 1143 905 committebatur:
1178 861 1228 907 δέ
1263 879 1402 924 parva

107 935 340 970 momenta
360 923 533 970 levium
555 926 854 973 certaminum
887 944 943 973 ex
973 941 1075 975 tuto
1109 945 1400 996 coeptorum,

105 995 303 1043 finitimo
346 1010 556 1060 receptu,
587 998 929 1047 assuefaciebant
962 1004 1168 1052 territum
1206 1008 1402 1070 pristinis

106 1070 306 1118 cladibus
338 1071 556 1128 militem,
577 1072 724 1119 minus
756 1072 844 1135 jam
876 1076 1052 1123 tandem
1090 1092 1165 1126 aut
1192 1080 1402 1143 virtutis,

105 1158 184 1192 aut
215 1144 412 1192 fortunae
450 1145 675 1208 poenitere
708 1147 805 1194 suae.
847 1150 931 1196 Sed
969 1168 1066 1198 non
1099 1155 1402 1206 Hannibalem

104 1218 244 1281 magis
277 1217 487 1265 infestum
518 1230 607 1266 tam
641 1219 754 1268 sanis
787 1223 984 1272 consiliis
1018 1224 1238 1287 habebat,
1268 1248 1401 1293 quam

103 1293 362 1358 magistrum
396 1295 629 1356 equitum:
662 1296 738 1360 qui
771 1296 884 1344 nihil
920 1299 1072 1357 aliud,
1105 1318 1240 1365 quam
1273 1307 1402 1368 quod

103 1364 250 1428 impar
270 1378 359 1412 erat
386 1366 577 1430 imperio
594 1404 607 1425 ,
633 1385 773 1415 morae
804 1371 859 1416 ad
882 1374 1205 1435 rempublicam
1238 1381 1401 1441 praeci-

104 1439 331 1502 pitandam
354 1437 569 1500 habebat,
594 1440 725 1488 ferox
752 1443 1018 1509 rapidusque
1036 1447 1080 1493 in
1103 1450 1323 1511 confinis,
1348 1467 1400 1501 ac,

103 1512 258 1576 lingua
288 1513 588 1570 immodicus3
615 1514 765 1577 primo
792 1516 908 1564 inter
936 1536 1132 1581 paucos,
1155 1524 1256 1570 dein
1285 1543 1398 1588 pro-⁶

103 1588 251 1652 palam
271 1588 316 1634 in
338 1588 524 1653 vulgus,
541 1605 627 1652 pro
647 1591 909 1638 cunstatore
929 1593 1105 1657 segnem
1120 1633 1133 1653 ‚
1152 1614 1237 1661 pro
1261 1615 1398 1648 cauto

103 1659 335 1721 timidum,
354 1664 568 1727 affingens
588 1664 739 1713 vicina
762 1667 1009 1717 virtutibus
1029 1671 1141 1721 vitia
1158 1710 1171 1731 ‚
1194 1678 1402 1739 compela

103 1734 223 1783 labat
255 1754 265 1783 z
297 1738 739 1802 premendorumque
787 1739 1067 1803 superiorum
1113 1758 1206 1792 arte.
1245 1746 1399 1811 (quae

105 1812 285 1875 pessima
319 1828 384 1858 ars
421 1812 552 1859 nimis
588 1812 811 1876 prosperis
847 1816 1093 1864 multorum
1132 1819 1396 1871 successibus

105 1880 288 1951 crevit)
313 1884 398 1931 sese
419 1885 680 1934 extollebat.

171 1959 290 2006 XIII.
320 1961 547 2008 Hannibal
572 1980 628 2008 ex
657 1961 860 2025 Hirpinis
880 1963 926 2010 in
959 1966 1191 2014 Samnium
1214 1969 1393 2017 transit:

107 2030 476 2080 Beneventanum
513 2035 815 2098 depopulatur
847 2054 1032 2100 agrum:
1067 2041 1285 2088 Telesiam
1317 2060 1396 2090 ur-

104 2105 205 2151 bem
235 2105 351 2167 capit
372 2121 381 2150 :
400 2106 542 2154 irritat
562 2108 695 2154 etiam
718 2107 771 2154 de
793 2109 1002 2156 industria
1022 2112 1205 2170 ducem‚
1223 2114 1253 2159 fi
1275 2113 1395 2163 forte

104 2178 338 2225 accensum
368 2191 438 2226 tot
471 2181 813 2245 indignitatibus
842 2183 1130 2249 cladibusque
1159 2187 1394 2236 sociorum

105 2250 335 2298 detrahere
364 2254 419 2299 ad
449 2271 628 2318 aequum
663 2268 890 2304 certamen
921 2259 1068 2321 poffit.
1089 2261 1210 2307 Inter
1241 2263 1394 2310 multi—2

93 2324 303 2371 tudinem
330 2324 558 2375 sociorum
591 2329 730 2377 Italici
760 2332 932 2394 generis
949 2369 961 2389 ‚
991 2334 1068 2395 qui
1089 2335 1143 2379 ad
1167 2336 1393 2383 Trafimen

103 2412 213 2442 num
250 2399 368 2460 capti
403 2401 458 2446 ab
490 2403 743 2450 Hannibale
776 2404 1028 2469 dimiffique
1067 2406 1272 2467 fuerant,
1307 2424 1394 2457 tres

104 2468 326 2531 Campani
348 2472 519 2535 equites
538 2486 687 2535 erant,
708 2475 860 2524 multis
878 2476 968 2539 jam
988 2489 1083 2524 tum
1106 2478 1241 2529 illeffi
1260 2482 1392 2529 donis

1046 2551 1080 2597 B
1113 2569 1136 2596 2
1166 2562 1170 2563 ’
