1628 2890
218 139 306 195 164
556 132 1124 179 T1T1L1v11

212 241 410 291 confisos
428 277 441 298 ‚
469 256 561 286 rem
590 250 756 284 tantam
786 234 997 300 ausuros)
1029 237 1082 283 ab
1110 236 1244 283 latere
1276 233 1456 300 tyranni
1476 270 1491 295 ,

213 331 407 379 quorum
431 313 574 374 capita
593 311 799 357 viliffima
816 309 1002 374 fingenti
1025 311 1139 356 inter
1157 310 1337 357 dolores
1353 306 1492 373 gem*-

214 387 370 449 tusque
400 401 651 439 occurrere.
674 383 874 430 Maxime
900 382 1053 429 animo
1079 383 1261 446 tyranni
1284 382 1494 429 credibile

212 459 432 505 indicium
448 456 623 505 Thraso
642 457 900 503 nominatus
921 455 1040 502 fecit.
1072 457 1134 502 Ita
1150 454 1378 535 extemplo
1402 467 1493 500 tra—

213 532 335 577 ditu·
357 530 412 577 acl
437 529 732 592 supplicium:
760 527 1004 590 adjeffique
1029 544 1190 590 poenae
1213 526 1495 587 ceterijuxra

214 600 427 646 insontes.
458 598 625 645 Conlci
632 615 762 644 orum
790 613 953 656 nemo,
976 614 1079 644 cum
1110 596 1187 642 diu
1208 595 1353 643 socius
1379 613 1495 644 con-

214 673 301 720 silii
330 684 639 735 torqueretui‚
667 683 744 718 aut
770 671 923 728 latuit,
944 681 1019 716 aut
1047 669 1174 733 fugit.
1210 681 1382 716 tantum
1408 655 1495 715 illis

213 746 262 793 in
287 746 458 793 virtute
475 751 524 792 ac
541 743 627 791 fide
646 744 882 792 Theodoti
906 742 1079 790 fiduciae
1100 742 1215 789 fuit:
1236 754 1496 807 tantumque

216 820 298 884 ipsi
326 818 575 865 Theodoto
609 818 778 863 virium
809 817 866 863 ad
895 809 1053 862 arcana
1085 816 1369 863 occultanda.

283 891 359 939 VI.
391 894 449 938 Ita
464 925 478 948 ,
495 889 619 953 quod
640 906 782 936 unum
804 889 1037 936 vinculum
1063 907 1164 937 cum
1186 889 1403 936 Romanis
1424 888 1499 934 so-

218 963 390 1013 cietatis
415 975 535 1020 erat,
554 962 788 1010 Thrasone
819 961 992 1008 sublato
1018 979 1041 1008 e
1069 962 1248 1020 medio,
1269 962 1504 1024 extemplo

219 1038 338 1086 haud
360 1036 493 1083 dubie
521 1036 576 1083 ad
605 1035 901 1082 defefflonem
920 1052 988 1082 res
1015 1035 1247 1098 speclabat.
1280 1034 1500 1098 legatique

216 1114 272 1160 ad
298 1110 594 1158 Hannibalem
615 1109 755 1168 misti,
775 1125 824 1156 ac
855 1107 1014 1154 remiffi
1033 1109 1088 1154 ab
1104 1125 1161 1155 eo
1190 1125 1294 1155 cum
1324 1106 1502 1153 Hanni·

217 1185 317 1232 bale
354 1182 498 1230 nobili
523 1180 804 1228 adolescente
838 1181 1137 1243 Hippocrates
1163 1183 1212 1228 δε
1244 1181 1502 1245 Ερὶςγςῑες,

221 1260 313 1306 nati
349 1256 646 1318 Carthagine,
677 1254 750 1301 sed
781 1255 964 1302 oriundi
1000 1255 1054 1301 ab
1091 1256 1317 1317 Syracusis
1352 1254 1501 1301 exsule

221 1349 314 1379 avo
330 1367 344 1390 ‚
365 1330 498 1376 Poeni
517 1329 594 1391 ipsi
617 1340 821 1374 materno
851 1343 1023 1391 genere.
1055 1329 1135 1373 Per
1160 1327 1242 1373 hos
1261 1327 1410 1389 junfia
1430 1326 1503 1373 so-

222 1405 359 1452 cietas
379 1400 622 1447 Hannibali
641 1417 691 1447 ac
712 1397 994 1463 Syracusano
1023 1411 1252 1463 tyranno:
1278 1416 1359 1447 nec
1382 1399 1504 1446 invi-
1537 1450 1548 1455 ⁴.

220 1490 272 1525 to
295 1474 543 1522 Hannibale
562 1474 681 1535 apud
701 1486 948 1536 tyrannum
967 1471 1235 1519 manserunt.
1257 1473 1341 1535 Ap.
1362 1473 1504 1520 Clau-

223 1552 320 1598 dius
355 1560 546 1611 praetor,
578 1545 704 1607 cujus
735 1545 885 1591 Sicilia
920 1544 1162 1607 provincia
1197 1557 1313 1601 erat,
1345 1546 1424 1592 ubi
1453 1563 1505 1592 ea

222 1622 422 1686 accepit,
449 1620 675 1682 extemplo
712 1620 881 1677 lecatos
906 1619 960 1664 ad
992 1618 1325 1682 Hieronymum
1358 1618 1505 1667 misit:

222 1698 328 1762 qui,
350 1713 453 1742 cum
475 1693 559 1739 sese
579 1693 632 1738 ad
652 1691 960 1737 renovandam
987 1689 1264 1746 societatem,
1287 1707 1385 1753 quae
1404 1708 1506 1738 cum

194 1787 319 1818 avo
346 1768 516 1821 fuisset,
547 1764 715 1812 venisse
742 1764 968 1822 dicerent,
996 1781 1075 1826 per
1095 1763 1339 1810 ludibrium
1366 1765 1505 1811 auditi

225 1841 474 1904 dimiffique
491 1840 589 1885 sunt
605 1839 660 1885 ab
676 1850 904 1902 quaerente
921 1854 1000 1900 per
1016 1836 1168 1898 j0cum
1187 1836 1479 1901 Hieronymo
1491 1874 1506 1894 .,

227 1934 312 1978 quce
322 1915 502 1974 fortuna
522 1916 578 1958 eis
598 1929 751 1972 pugnae
769 1914 828 1955 ad
847 1906 1205 1972 Cannasfuzffet?
1230 1912 1309 1954 vix
1330 1913 1504 1956 credibi-

227 1991 287 2034 lia
314 1989 422 2033 enim
442 1988 595 2047 legatos
626 1984 887 2028 Hannibalis
920 2000 1099 2026 narrare.
1127 1985 1269 2037 Velle,
1299 1983 1400 2041 quid
1422 1985 1507 2027 veri

215 2063 279 2127 fit
292 2098 306 2120 ,
320 2062 452 2121 stite,
484 2075 531 2104 ut
562 2077 614 2103 ex
645 2077 690 2103 eo
706 2093 723 2115 2
746 2073 881 2104 utram
902 2057 1021 2116 spem
1035 2056 1260 2115 sequatur,
1293 2056 1504 2120 consilium

231 2138 383 2195 capiat.
412 2131 607 2191 Romani
623 2166 636 2189 ,
657 2146 760 2176 cum
778 2128 892 2176 serio
911 2127 1156 2192 legationes
1174 2128 1324 2174 audire
1342 2127 1507 2192 coepis-

232 2208 316 2264 set,
334 2205 558 2252 redituros
575 2203 616 2249 se
634 2204 688 2250 ad
705 2220 805 2249 eum
824 2205 1020 2250 dicentes
1041 2203 1124 2248 effe
1137 2239 1151 2260 ‚
1169 2203 1350 2248 monito
1369 2201 1508 2266 magis

232 2295 316 2336 eo,
333 2295 464 2341 quam
481 2291 641 2340 rogato
654 2312 667 2333 ‚
687 2294 741 2322 ne
759 2276 890 2323 fidem
906 2289 1070 2322 temere
1090 2287 1307 2330 mutaret,
1326 2274 1510 2337 profici-

234 2351 428 2398 scuntur.
451 2351 759 2413 Hieronymus
785 2350 956 2412 legatos
975 2349 1292 2412 Carthaginem
1320 2349 1437 2396 mifit
1455 2350 1509 2396 ad

234 2423 385 2470 foedus
404 2439 460 2469 ex
481 2422 692 2471 societate
710 2438 813 2470 cum
833 2421 1082 2469 Hannibale
1097 2421 1362 2470 faciendum.
1378 2421 1509 2469 Paeo
