1628 2890
275 131 823 181 HISTORIARUM
857 129 1230 176 L113.XXV1.
1302 143 1390 190 343

109 256 191 288 tres
219 241 462 301 conscripti,
495 242 601 284 bella
620 241 822 301 geruum,
851 254 898 283 ιιι
920 236 1047 282 νίἑῖος
1070 239 1199 282 armis
1218 237 1394 297 accusa-

111 330 215 359 tores
233 315 467 359 lzabeamus.
492 314 607 356 Duce
627 325 752 370 captce
769 312 843 354 lzoc
863 327 978 354 anno
997 311 1111 353 urbes
1133 311 1275 368 Capua
1291 310 1395 354 Ful-

111 386 225 431 vium
254 401 390 441 reum,
419 385 665 429 Marcellum
685 382 903 441 Syracusce
931 382 1122 426 habeant.

177 455 350 502 XXXI.
384 453 595 500 Reduffis
613 452 661 498 in
685 452 856 499 curiam
880 452 1035 514 legatis
1051 487 1063 505 ,
1090 463 1185 498 tum
1207 450 1396 511 consul,‘

110 528 217 572 Non
235 529 338 573 adeo
363 527 588 592 majestatis
601 559 615 581 ,
634 523 782 587 inquit
794 560 808 582 ,
820 527 973 586 populi
1000 526 1189 571 Romani
1207 528 1396 586 imperii-

112 616 185 658 que
216 600 342 656 lzujus
377 601 529 644 oblitus
551 597 680 658 fiam,
712 598 860 642 Patres
894 597 1143 657 conscripti,
1182 613 1257 655 ιιι,
1273 598 1324 662 si
1346 601 1401 644 de·

111 690 200 717 meo
218 674 387 718 crimine
414 674 703 734 ambigeretur,
725 670 871 730 conficl
891 672 1073 716 diffurus
1098 671 1295 731 causam,
1320 690 1398 722 ac·-⁴

113 748 355 807 cusantibus
388 747 544 792 Graecis
561 781 575 803 ,
600 744 770 804 fuerim.
802 745 887 804 sed
909 763 1026 802 non,
1056 748 1161 805 quid
1188 763 1259 807 ego
1281 746 1395 804 fece·

111 820 192 864 rim
212 852 225 875 ‚
246 821 290 863 in
308 817 628 881 disquisitionem
648 818 761 863 venit
776 847 790 871 ,
821 835 944 877 quam
977 819 1081 877 quid
1108 820 1171 884 isti
1196 821 1296 878 pati
1320 822 1395 865 de·-

113 889 286 935 buerint.
317 889 446 953 quisi
459 907 545 934 non
560 888 734 946 fuerunt
755 889 882 953 hostes
896 922 910 944 ‚
927 890 1040 933 nilzil
1062 890 1238 954 interest,
1256 908 1395 948 nunc,

113 979 172 1005 an
190 965 287 1008 νίνο
304 964 509 1018 Hierone,
530 961 765 1022 Syracusas
783 961 1040 1007 violaverim.
1061 963 1140 1005 Sin
1162 976 1298 1007 autem
1319 965 1394 1008 de-

101 1033 341 1093 sciverunt,
369 1039 525 1096 legatos
554 1034 708 1099 nostros
726 1033 842 1092 ferro
871 1049 989 1094 atque
1016 1036 1146 1078 armis
1163 1036 1395 1093 petierunt,

114 1108 250 1152 urbem
287 1126 338 1152 ac
375 1110 529 1153 moenia
568 1108 801 1165 clauserunt
820 1140 835 1163 ,
871 1109 1123 1167 exercituque
1169 1107 1394 1169 Carthagi-

112 1181 314 1245 nienfium
348 1182 542 1241 adversus
581 1198 658 1225 nos
695 1183 821 1225 tutati
840 1181 947 1239 fient
967 1198 987 1234 ,·
1027 1182 1119 1239 quis
1144 1177 1290 1241 paffos
1324 1178 1401 1243 effi

113 1255 304 1318 hostilia,
342 1273 431 1300 cum
454 1254 626 1311 fecerint
643 1287 656 1310 ‚
689 1255 971 1314 indignatur?
1007 1254 1231 1298 Tradentes
1258 1256 1396 1300 urbem

107 1329 319 1387 principes
335 1327 694 1387 Syracusanorum
712 1326 924 1385 aversatus
930 1326 1032 1386 sum
1045 1343 1061 1370 .·
1079 1326 1215 1390 Sosim
1245 1324 1288 1372 δ’
1300 1329 1418 1382 Me-⁴

115 1400 244 1445 ricum
276 1401 549 1460 Hispanum,
585 1400 731 1459 quibus
764 1413 926 1444 tantum
959 1401 1184 1456 crederem,
1212 1402 1398 1459 potiores

115 1474 257 1518 habui.
295 1475 397 1517 Non
424 1473 513 1537 estis
543 1472 712 1517 extremi
742 1470 1137 1531 Syracusanorum,
1159 1473 1306 1531 quippe
1326 1473 1401 1532 qui

115 1547 217 1590 aliis
245 1547 519 1590 humilitatem
548 1544 773 1601 objiciatis.
811 1543 923 1603 Quis
953 1543 1006 1607 est*
1032 1542 1230 1607 vssrum‚
1268 1546 1339 1604 qui
1345 1544 1400 1604 st:

115 1619 223 1663 mihi
242 1635 393 1679 portas
424 1635 684 1679 aperturum,
717 1620 787 1678 qui
815 1633 999 1663 armatos
1027 1618 1180 1662 milites
1206 1635 1316 1662 meos
1351 1619 1400 1663 in

115 1693 252 1737 urbem
280 1707 535 1752 accepturum
563 1692 838 1752 promiserit?
872 1691 1030 1756 odistis
1057 1687 1101 1735 δ’
1129 1691 1402 1751 exsecramini

117 1781 210 1820 eos,
241 1767 312 1825 qui
329 1763 544 1823 fecerunt,
574 1762 617 1811 δ’
641 1783 691 1810 ne
718 1766 785 1810 lzic
806 1765 970 1824 quidem
991 1767 1247 1809 contumeliis
1268 1767 1314 1809 in
1333 1782 1406 1811 eos

117 1839 306 1883 dicendis
331 1840 538 1897 parcitis:
571 1854 733 1886 tantum
762 1837 890 1903 abest,
911 1853 958 1882 ut
990 1833 1032 1882 δ’
1066 1835 1150 1900 ipsi
1170 1840 1250 1883 tale
1274 1839 1402 1898 quid-

118 1926 243 1969 quam
263 1909 422 1968 saci‘uri
441 1909 627 1968 fueritis.
669 1910 769 1970 Ipsa
802 1912 1021 1955 humilitas
1049 1928 1184 1955 eorum
1204 1943 1218 1965 ,
1253 1912 1405 1956 Patres

119 1983 362 2042 conscripti,
383 2000 508 2043 quam
526 1983 590 2047 isti
610 1982 815 2039 objiciunt
830 2018 845 2040 ,
865 1985 1055 2028 maximo
1075 1999 1313 2042 argumento
1329 1983 1406 2048 est,

119 2073 181 2100 mc
210 2058 439 2109 neminem,
478 2059 547 2116 qui
578 2071 780 2102 navatam
810 2074 973 2117 operam
1006 2057 1230 2116 reipublicae
1263 2057 1409 2121 nostrae

118 2130 242 2182 velit,
272 2128 505 2187 aversatum
531 2127 620 2190 effe.
654 2132 744 2186 Et,
767 2146 987 2189 antequam
1018 2127 1234 2191 obfiderem
1263 2133 1405 2189 Syra-

119 2201 239 2257 cusas
259 2234 274 2258 ‚
304 2218 416 2245 nunc
448 2203 594 2262 legatis
627 2204 841 2247 mittendis
859 2236 874 2259 ,
917 2219 1028 2247 nunc
1063 2204 1123 2245 ad
1157 2204 1406 2262 colloquium

119 2275 254 2319 eundo
269 2307 283 2330 ,
302 2276 457 2318 tentavi
467 2292 611 2333 pacem
626 2290 642 2317 :
665 2271 707 2320 ἃ
716 2309 732 2330 ,
753 2274 968 2339 postquam
998 2292 1121 2335 neque
1139 2277 1294 2335 legatos
1315 2277 1407 2321 vio-

116 2350 242 2392 -landi
268 2350 510 2393 verecundia
540 2365 650 2406 erat,
679 2367 750 2394 nec
770 2351 875 2394 milzi
900 2347 980 2411 ipst
1001 2346 1201 2412 congrcsto
1228 2351 1290 2393 ad
1306 2367 1406 2408 por-

123 2434 190 2464 tas
217 2437 309 2466 cum
329 2421 596 2482 principibus
622 2422 859 2483 responsum
886 2424 1093 2478 dabatur,
1128 2424 1271 2467 multis
1302 2437 1409 2466 term

1045 2493 1153 2552 Y4
