1628 2890
208 134 306 199 ·396
562 125 1128 178 TITI'LIVII

208 242 363 289 senatu
385 240 442 299 Q.
468 237 628 285 Fabius
647 236 878 284 Maximus
897 235 1082 282 consul:
1106 235 1208 282 inde
1233 232 1344 293 alius
1361 233 1501 282 lefluss

211 316 385 363 senatus
400 350 413 369 ‚
433 314 538 359 οξὶο
559 311 814 374 praeteritis,
835 310 951 356 inter
968 326 1084 373 quos
1104 311 1152 356 L.
1173 308 1383 356 Caecilius
1400 309 1502 354 Me·-

212 390 342 435 tellus
378 399 499 444 erat,
536 385 714 432 infamis
748 385 905 431 auctor
942 383 1191 430 deserendae
1231 383 1362 430 ltaliae
1398 381 1499 445 post

210 460 494 508 Cannensem
526 458 712 506 cladem.
749 460 797 503 ln
835 456 1111 521 equestribus
1152 472 1334 519 quoque
1375 453 1501 501 notis

211 535 365 582 eadem
395 533 566 580 servata
597 531 740 579 causa„
772 531 846 577 sed
869 543 995 577 erant
1027 530 1271 593 perpauci,
1297 546 1415 593 quos
1448 545 1501 575 ea

212 604 394 651 infamia
425 603 674 667 attingeret.
709 602 799 648 Illis
828 601 1043 648 omnibus
1072 603 1157 662 (¹2&
1182 600 1310 647 multi
1336 598 1501 663 erant)

210 677 378 723 ademti
409 676 541 740 equi,
562 675 645 738 qui
661 675 964 722 Cannensium
994 673 1222 737 legionum
1255 672 1425 736 equites
1452 672 1502 719 in

212 751 363 797 Sicilia
392 761 529 795 erant.
568 748 833 795 addiderunt
863 747 1095 794 acerbitati
1125 747 1258 793 etiam
1289 758 1465 809 tempus
1486 781 1501 801 ‚

200 842 273 870 *ne
305 822 527 885 praeterita
557 821 775 884 stipendia
808 820 1107 883 procederent
1136 820 1215 878 iis,
1247 836 1350 882 quae
1380 834 1505 881 equo

215 897 404 961 publico
426 906 732 950 emeruerant,
763 893 835 939 sed
864 893 977 939 dena
1009 891 1222 954 stipendia
1254 889 1379 953 equis
1407 888 1505 952 pri-

216 971 337 1017 vatis
356 969 570 1015 facerent.
603 970 816 1030 Magnum
843 978 1056 1029 praeterea
1079 980 1314 1010 numerum
1343 979 1505 1009 eorum

216 1042 619 1105 conquisiverunt,
649 1039 727 1102 qui
754 1054 874 1102 equo
900 1053 1069 1084 merere
1097 1036 1340 1083 deberent:
1374 1045 1507 1097 atque

218 1133 276 1162 ex
307 1115 386 1170 iis,
407 1114 482 1176 qui
511 1112 740 1176 principio
763 1111 857 1172 ejus
885 1109 992 1156 belli
1023 1107 1336 1170 septemdecim
1361 1120 1506 1152 annos

218 1188 313 1234 nati
349 1187 553 1245 fuerant,
585 1202 732 1249 neque
770 1184 1101 1239 militaverant,
1134 1196 1292 1226 omnes
1324 1178 1508 1225 aerarios

219 1261 435 1308 fecerunt.
472 1262 764 1306 Locaverunt
800 1255 904 1301 inde
945 1252 1212 1308 reficienda,
1247 1267 1351 1314 quae
1388 1250 1509 1303 circa,

219 1334 372 1380 forum
399 1332 614 1379 incendio
644 1329 879 1378 consumta
898 1338 1026 1373 erant
1044 1360 1058 1382 ‚
1087 1324 1253 1387 septem
1273 1323 1508 1382 tabernas,

220 1407 456 1456 macellum
473 1443 486 1464 ‚
517 1406 679 1452 atrium
706 1403 893 1468 regium.

305 1484 404 1530 XII.
439 1479 688 1526 Transactis
725 1477 971 1533 omnibus,
1011 1491 1113 1538 quae
1141 1474 1302 1519 Romae
1339 1471 1508 1535 agenda

223 1573 383 1613 erant,
415 1553 621 1602 consules
653 1553 708 1600 ab
734 1552 900 1599 bellum
931 1548 1136 1613 profecti.
1170 1546 1299 1594 Prior
1323 1546 1511 1593 Fulvius

222 1628 480 1695 praegreffus
513 1629 728 1690 Capuam.
771 1625 874 1672 Post
908 1641 1077 1688 paucos
1115 1623 1206 1668 dies
1241 1620 1510 1668 consecutus

225 1704 416 1758 Fabium
453 1701 540 1764 qui
557 1703 606 1749 &
637 1700 859 1763 collegam
888 1716 1039 1746 coram
1062 1695 1305 1742 obtestatus
1321 1731 1334 1751 ‚
1356 1696 1406 1741 &
1426 1709 1512 1755 per

225 1778 375 1824 literas
409 1774 708 1836 Marcellum,
739 1785 789 1819 ut
818 1789 952 1835 quam
988 1769 1208 1818 acerrimo
1243 1766 1364 1814 bello
1394 1766 1513 1812 deti-

224 1861 352 1896 neret
371 1845 688 1904 Hannibalem‚
709 1846 814 1890 dum
833 1843 922 1907 ipse
939 1845 1185 1891 Tarentum
1207 1849 1514 1901 oppugnarem

225 1938 281 1968 ea
305 1920 415 1967 urbe
445 1919 622 1965 ademta
647 1917 762 1963 hosti
792 1917 881 1978 jam
904 1915 1100 1978 undique
1127 1911 1287 1975 pulso,
1323 1926 1405 1956 nec
1433 1909 1513 1957 ubi

228 1994 517 2049 consisteret,
548 2008 630 2038 nec
648 1989 756 2055 quid
776 1988 916 2035 fidum
943 1987 1182 2050 respiceret
1210 1982 1391 2030 habenti
1410 2017 1424 2040 ,
1457 1998 1515 2029 ne

228 2065 489 2114 remorandi
522 2064 700 2128 quidem
726 2063 898 2111 causam
926 2061 973 2107 in
995 2059 1113 2106 ltalia
1146 2058 1259 2105 fore.
1291 2055 1514 2119 Rhegium

229 2142 365 2187 etiam
391 2140 603 2187 nuntium
627 2138 763 2185 mittit
787 2138 842 2184 ad
862 2134 1116 2200 praefectum
1147 2130 1366 2196 praefidii,
1390 2128 1516 2194 quod

231 2216 290 2262 ab
314 2215 505 2261 Laevino
539 2213 726 2261 consule
761 2211 973 2260 adversus
994 2208 1194 2256 Bruttios
1219 2207 1281 2253 ibi
1313 2205 1516 2250 locatum

233 2302 358 2341 erat,
380 2289 485 2334 οξὶο
514 2288 653 2333 millia
685 2285 922 2333 hominum
943 2320 958 2341 ‚
982 2299 1082 2346 pars
1109 2280 1299 2327 maxima
1325 2278 1380 2324 ab
1398 2278 1517 2339 Aga-

232 2363 401 2426 thyrna
428 2360 568 2425 (ficut
597 2371 727 2406 antea
747 2359 911 2404 dictum
933 2355 1022 2419 est)
1049 2372 1104 2400 ex
1125 2351 1274 2399 Sicilia
1293 2350 1519 2406 traducta,

235 2446 369 2498 rapto
404 2434 564 2483 vivere
600 2430 841 2480 hominum
880 2428 1167 2477 assuetorum.
1209 2422 1347 2472 additi
1391 2430 1528 2470 erant-
