1628 2890
217 151 733 199 {MSTORIARU
757 150 804 193 M
840 150 971 194 LIB.
1008 145 1207 192 XXVI.
1278 159 1369 206 309

91 261 222 309 nibus
235 297 247 319 ‚
270 260 443 323 supinas
466 274 621 305 manus
638 258 692 305 ad
710 256 879 305 coelum
897 273 947 304 ac
967 256 1095 302 Deos
1112 242 1369 309 tendentes,

92 333 381 396 orantesque,
404 343 454 379 ut
470 333 622 378 urbem
644 333 892 376 Romanam
913 345 936 373 e
955 327 1157 373 manibus
1177 325 1371 371 hostium

92 407 336 469 eriperent;
354 403 599 467 matresque
614 404 841 448 Romanas
862 402 909 447 ὃ(
930 400 1097 445 liberos
1121 413 1285 461 parvos
1304 395 1371 441 in⁴

92 479 295 528 violatos
327 477 569 522 servarent.
607 475 792 520 Senatus
829 472 1153 535 magistratibus
1181 470 1228 516 in
1268 468 1372 515 soro

92 549 258 613 praesto
279 548 364 606 est,
388 548 418 594 s1
444 547 553 610 quid
576 545 806 592 consulere
832 544 988 592 velint.
1023 543 1113 589 Alii
1143 541 1373 604 accipiunt

94 620 310 684 imperia,
339 620 658 682 disceduntque
691 618 743 664 ad
775 619 866 665 suas
902 616 1086 681 quisque
1115 615 1373 663 officiorum

82 708 271 758 partes:
295 694 369 741 alii
389 692 586 739 offerunt
609 690 675 749 se,
697 691 727 736 fi
752 707 844 754 quo
869 688 968 736 usus
989 705 1138 752 operae
1162 688 1226 734 fit.
1260 704 1373 749 prae·

95 767 202 814 sidia
225 767 271 813 in
299 782 399 813 arce
413 801 426 824 ‚
447 764 494 810 in
518 762 751 826 Capitolio
765 798 779 820 ,
801 762 848 807 in
869 761 1006 808 muris
1020 797 1035 819 ‚
1055 759 1173 807 circa
1190 759 1342 805 urbem
1359 791 1374 812 ‚

95 839 145 886 in
161 852 317 886 monte
344 839 477 885 etiam
498 837 677 882 Albano
700 847 833 898 atque
851 850 952 880 arce
970 833 1174 880 AEsulana
1193 846 1376 893 ponun-

95 925 182 960 tur.
210 917 327 959 Inter
354 914 476 959 hunc
505 910 774 968 tumultum,
791 912 861 971 Ω
888 908 1096 956 Fulvium
1122 903 1375 968 proconsu-

93 985 184 1032 lem
201 985 452 1048 profestum
481 1000 584 1030 cum
610 982 809 1030 exercitu
833 999 859 1027 a
887 982 1042 1043 Capua
1060 977 1267 1032 affertur3
1300 974 1374 1021 cui

96 1076 156 1106 ne
195 1059 470 1106 minueretur
505 1057 766 1120 imperium,
802 1054 835 1102 fi
876 1054 924 1102 in
962 1053 1119 1100 urbem
1159 1049 1376 1107 venisset,

96 1130 299 1178 decernit
333 1130 536 1188 senatus,
569 1139 620 1174 ut
659 1130 719 1188 Q.
750 1126 915 1175 Fulvio
955 1142 1034 1189 par
1070 1140 1172 1171 cum
1209 1119 1378 1170 consu-

61 1228 64 1232 ·
96 1204 215 1251 libus
247 1203 487 1265 imperium
527 1201 644 1248 esset.
680 1199 935 1257 Hannibal,
977 1196 1177 1245 infestius
1206 1211 1376 1258 perpo-

96 1276 252 1340 pulato
283 1265 390 1337 agro
419 1274 680 1338 Fregellano
709 1284 895 1336 propter
925 1269 1159 1319 intercisos
1188 1278 1377 1331 pontes,

95 1366 178 1415 per
224 1348 494 1394 Frusinatem
540 1347 952 1409 Ferentinatemque
995 1346 1046 1392 &
1092 1342 1377 1406 Anagninum

98 1437 254 1485 agrum
284 1420 330 1466 in
366 1419 640 1466 Lavicanum
679 1419 821 1467 venit.
867 1417 970 1464 inde
1006 1414 1170 1479 Algido
1207 1412 1378 1461 Tuscu-

97 1493 193 1540 lum
226 1491 387 1555 petiit:
415 1509 499 1540 nec
532 1503 735 1554 receptus
772 1489 1024 1546 moenibus,
1056 1485 1170 1534 infra
1205 1485 1378 1532 Tuscu-

97 1565 195 1623 lum
215 1562 471 1612 dextrorsus
490 1563 660 1611 Gabios
682 1561 920 1610 descendit.
950 1560 1053 1606 inde
1077 1558 1124 1605 in
1144 1557 1380 1620 Pupiniam

100 1639 303 1686 exercitu
345 1637 559 1696 demisso,
592 1637 699 1683 ocio
735 1634 873 1681 millia
904 1634 1102 1697 passuum
1135 1632 1191 1679 ab
1232 1632 1380 1678 Roma

101 1710 252 1777 posuit
286 1709 436 1758 castra.
475 1711 586 1769 Quo
626 1707 810 1771 propius
847 1705 986 1753 hostis
1023 1702 1288 1759 accedebat,
1323 1718 1379 1748 eo

102 1785 247 1847 major
265 1784 407 1832 caedes
425 1781 559 1829 fiebat
584 1779 872 1845 fugientium,
896 1774 1252 1840 praecedentibus
1281 1775 1380 1820 Nu-

102 1858 267 1906 midis:
299 1855 533 1920 pluresque
564 1854 767 1902 omnium
798 1867 1010 1917 generum
1042 1861 1172 1913 atque
1201 1858 1379 1897 :etatum

104 1931 411 1993 capiebantur.

168 2004 229 2049 X.
268 2006 318 2048 In
347 2002 438 2049 hoc
461 2002 656 2048 tumultu
685 2000 874 2049 Fulvius
906 1998 1115 2056 Flaccus,
1137 2007 1268 2060 porta
1290 1997 1381 2043 Ca·

104 2093 219 2139 pena
248 2092 348 2122 cum
376 2074 576 2122 exercitu
606 2075 798 2120 Romam
831 2071 1072 2135 ingressus,
1100 2070 1245 2115 media
1272 2070 1384 2126 urbe

103 2167 185 2212 per
203 2149 389 2196 Carinas
409 2147 621 2210 Esquilias
641 2144 888 2194 contendit.
912 2143 1015 2190 inde
1035 2142 1222 2206 egressus
1237 2178 1249 2200 ,
1268 2140 1382 2188 inter

104 2221 377 2285 Esquilinam
394 2220 711 2283 Collinamque
732 2229 911 2281 portam
926 2215 1075 2280 posuit
1092 2214 1241 2262 castra.
1258 2215 1387 2260 AEdi*

104 2294 168 2340 les
198 2294 342 2358 plebis
371 2304 671 2342 commeatum
691 2308 747 2340 eo
779 2300 1135 2354 comportarunt.
1165 2287 1384 2334 Consules

106 2364 368 2429 senatusque
402 2365 447 2412 in
485 2364 622 2412 castra
660 2369 897 2411 venerum.
935 2361 997 2408 ibi
1031 2360 1083 2407 de
1118 2359 1285 2406 summa
1315 2374 1385 2404 re-

107 2438 286 2501 publica
306 2438 617 2488 consultatum.
653 2438 850 2498 Placuit,
869 2435 1074 2486 consules
1095 2436 1211 2482 circa
1232 2446 1385 2498 portas

1020 2518 1123 2577 VJ
