1628 2890
192 149 746 200 HisToRanM
787 147 915 195 ΜΒ.
957 142 1186 192 xxvu.
1255 157 1350 207 439

68 263 190 309 bant.
241 259 404 324 quibus
438 256 770 313 recusantibus,
802 253 981 301 edixere
1016 253 1063 299 in
1099 251 1217 298 diem
1250 263 1355 298 cer-n

67 346 185 389 tam,
219 344 294 388 ut,
326 346 420 394 quo
455 328 641 392 quisque
678 327 775 388 jure
813 327 1099 374 vacationem
1138 324 1352 383 haberet,

67 407 122 452 ad
153 405 351 452 senatum
380 402 584 450 deferret.
615 404 678 449 Ea
704 400 774 446 die
805 400 852 446 hi
879 399 1040 463 populi
1068 399 1123 445 ad
1151 398 1354 446 senatum

70 489 324 524 venerunt:
358 475 599 530 Ostiensis,
635 473 869 531 Alfienfis‚
903 472 1085 530 Antias,
1117 473 1353 529 Anxurns,

71 549 418 606 Minturnensis,
447 547 754 602 Sinuefl'anus,
786 548 835 593 &
864 546 919 591 ab
943 545 1102 607 supero
1134 543 1243 590 mari
1275 545 1356 590 Se-

71 623 231 669 nensis.
264 624 380 669 Cum
411 620 675 668 vacationes
710 618 805 664 suas
840 617 1026 680 quil'que
1061 616 1255 679 populus
1284 633 1354 662 re-

70 694 254 749 citaret3
288 693 480 749 nullius,
503 709 606 739 cum
640 692 686 736 in
712 689 835 736 Italia
864 689 1000 747 bostis
1027 688 1130 735 esset
1147 724 1160 747 ,
1191 700 1356 751 praeter

22 794 36 800 -
74 766 303 813 Antiatem
324 765 696 827 Ostiensemque,
721 763 902 810 vacatio
931 762 1167 809 observata
1187 761 1275 807 cst:
1306 762 1359 809 &

73 858 225 888 earum
249 840 531 889 coloniarum
551 838 755 902 juniores
781 836 1070 898 jurejurando
1091 835 1232 882 adaffi
1248 870 1261 893 ‚
1282 833 1355 880 su-

72 930 157 975 pra
187 912 279 959 dies
313 912 495 975 triginta
528 927 623 958 non
662 910 1005 974 pern06³caturos
1037 907 1079 953 se
1108 906 1192 952 effe
1231 917 1358 952 extra

75 985 248 1032 moenia
278 985 476 1032 coloniae
503 983 619 1040 suae,
653 984 802 1030 donec
839 980 975 1028 hostis
1008 980 1054 1026 in
1084 979 1206 1026 Italia
1239 979 1357 1028 effer,

77 1057 198 1102 Cum
218 1072 377 1103 omnes
391 1054 644 1110 censerent,
661 1054 808 1116 primo
825 1069 1009 1116 quoque
1023 1065 1227 1114 tempore
1247 1068 1358 1098 con-

76 1127 240 1175 sulibus
259 1129 455 1174 eundum
477 1128 533 1174 ad
550 1127 717 1174 bellum
731 1162 744 1185 ‚
767 1127 897 1186 (nam
919 1126 968 1172 &
989 1123 1251 1171 Hasdrubali
1277 1140 1361 1171 oce

79 1201 350 1249 currendum
382 1201 465 1246 effe
497 1199 781 1247 descendenti
803 1199 857 1245 ab
875 1197 1092 1260 Alpibus,
1125 1213 1180 1243 ne
1198 1196 1362 1245 Gallos

79 1273 359 1337 Cisalpinos,
383 1289 500 1319 neve
518 1272 766 1327 Etruriam,
791 1271 976 1318 ereclaiu
999 1270 1045 1323 in
1072 1268 1191 1331 spem
1210 1286 1361 1317 rerum

81 1363 335 1405 novarum,
355 1345 641 1392 sollicitaret:
671 1347 721 1392 &
740 1343 1034 1391 Hannibalem
1062 1342 1145 1389 suo
1169 1344 1367 1406 proprio

82 1421 396 1483 occupandum
423 1419 575 1477 bello,
601 1436 658 1465 ne
689 1434 915 1482 emergere
939 1434 996 1463 ex
1016 1416 1198 1463 Bruttiis
1227 1429 1364 1481 atque

83 1494 268 1542 obviam
299 1494 422 1541 fratri
453 1494 517 1540 ire
545 1491 720 1555 posset)
753 1491 908 1537 Livius
933 1488 1252 1548 cunelabatiir,
1280 1507 1364 1552 pa-

84 1585 183 1614 rum
204 1566 344 1614 fidens
375 1568 549 1614 suarum
576 1564 917 1629 provinciarum
938 1561 1234 1609 exercitibus:
1264 1562 1366 1608 col-

84 1642 228 1706 legam
253 1658 309 1687 ex
343 1642 513 1687 duabus
535 1637 843 1686 consularibus
862 1635 1051 1700 egregiis
1069 1635 1370 1693 exercitibus,

87 1718 138 1763 &
157 1714 318 1772 tertio,
339 1713 411 1761 cui
429 1716 490 1773 Q.
507 1712 719 1758 Claudius
735 1710 778 1756 T
780 1709 922 1756 arenti
943 1707 1164 1771 praeeffet,
1184 1707 1368 1754 61εᾶἰο-

90 1805 193 1834 nem
225 1788 403 1834 habere.
437 1787 737 1848 intuleratque
770 1782 1051 1829 mentionem
1083 1781 1137 1827 de
1174 1780 1368 1828 voloni-

90 1862 172 1908 bus
206 1859 480 1907 rex'mcandis
508 1858 561 1904 ad
590 1857 720 1920 signa.
755 1857 939 1902 Senatus
962 1855 1146 1901 liberam
1171 1853 1370 1916 potesta-

90 1949 182 1980 tem
219 1931 477 1979 consulibus
505 1929 644 1987 fecit,
674 1931 723 1976 &
752 1926 983 1990 supplendi
1012 1927 1130 1973 uncle
1163 1926 1373 1983 vellent,

91 2009 143 2055 &
162 2006 355 2069 eligendi
386 2006 438 2050 de
465 2003 677 2051 omnibus
702 2001 1002 2058 exercitibus,
1032 2015 1147 2062 quos
1174 1997 1370 2056 vellent,

93 2079 466 2145 permutandique
483 2114 496 2134 ‚
526 2079 575 2124 &
602 2093 658 2123 ex
685 2073 964 2139 provinciis,
989 2089 1104 2135 quos
1125 2089 1147 2118 e
1169 2071 1371 2134 republi-

93 2171 146 2202 ca
177 2152 407 2201 censerent
430 2151 540 2209 effe,
564 2147 841 2196 traducendi.
872 2149 934 2193 Ea
954 2145 1106 2193 omnia
1126 2163 1229 2192 cum
1251 2145 1372 2192 sum·

93 2245 168 2275 ma
195 2226 440 2274 concordia
465 2223 697 2271 consulum
727 2222 833 2268 afla.
862 2219 1070 2265 Volones
1099 2217 1144 2263 in
1174 2217 1375 2265 undevi-

95 2302 300 2348 cesimam
328 2301 377 2347 &
398 2298 655 2346 vicesimam
688 2295 888 2359 legiones
921 2291 1085 2354 scripti.
1118 2291 1270 2354 Magni
1297 2309 1376 2338 ro-

95 2373 220 2420 boris
242 2371 404 2418 auxilia
430 2388 486 2418 ex
506 2368 717 2431 Hispania
750 2381 935 2430 quoque
957 2382 983 2411 a
1003 2365 1049 2410 P.
1072 2363 1285 2426 Scipione
1310 2365 1373 2409 M,

97 2445 234 2493 Livio
271 2444 392 2491 missa
425 2443 605 2508 quidam
640 2441 694 2487 ad
722 2439 769 2487 id
801 2439 965 2486 bellum
1005 2438 1210 2483 anfi-ores
1243 2435 1375 2483 sunt:

984 2510 1058 2554 Ee
1093 2525 1125 2567 4
