1628 2890
159 165 250 209 150
508 142 1078 189 Ti‘fitlvu

156 269 422 319 oppugnare
462 249 694 313 cupientes
735 246 899 294 milites
938 247 1177 294 Romanos
1213 246 1456 294 Marcellus

158 327 330 375 Nolam
350 322 533 370 reduxit
548 358 560 379 ‚
581 338 685 369 cum
706 337 872 385 magno
895 320 1062 384 gaudio
1083 323 1134 369 &
1153 321 1457 382 gratulatione

158 402 295 448 etiam
320 397 483 460 plebis,
504 413 604 458 quae
630 409 732 442 ante
752 393 1018 440 inclinatior
1039 394 1092 439 ad
1111 396 1281 442 Poenos
1299 393 1458 441 fuerat.

160 474 370 523 Hostium
390 471 490 534 plus
507 464 708 533 quinque
727 468 867 514 millia
895 465 1003 514 caesa
1022 483 1078 513 eo
1101 467 1198 532 die,
1216 468 1319 515 vivi
1338 466 1458 529 capti

160 544 388 600 sexcenti,
411 544 458 589 ἂ
482 543 599 604 tigna
618 539 829 586 militaria
846 539 1161 602 undeviginti,
1181 541 1232 587 δε
1253 534 1346 587 duo
1365 540 1460 586 ele-

160 616 320 682 phanti
341 634 352 662 ε
375 626 571 677 quatuor
597 614 645 660 in
670 613 764 660 acie
790 611 943 659 occifi.
974 613 1290 658 Romanorum
1309 613 1460 659 minus

163 691 289 740 mille
313 688 550 736 interfeffi.
570 687 798 751 posterum
819 687 961 744 diem,
981 685 1175 732 induciis
1197 685 1343 731 tacitis
1359 721 1373 744 ‚
1392 685 1463 731 se-

165 763 382 829 peliendo
417 762 630 826 utrinque
669 760 807 808 caesos
845 760 893 806 in
940 759 1036 805 acie
1052 794 1066 816 ,
1106 757 1463 806 consumserunt.

169 837 325 901 Spolia
361 835 558 882 hostium
592 835 865 893 Marcellus,
890 832 1104 880 Vulcano
1138 844 1331 890 votum,
1364 848 1463 877 cre=

167 912 330 960 mavit.
359 910 521 958 Tertio
543 909 644 972 post
664 909 735 956 die
755 907 841 972 (ob
864 908 974 953 iram
997 906 1132 953 credo
1153 905 1371 968 aliquam,
1389 916 1466 951 aut

169 985 293 1047 spem
320 981 588 1030 liberalioris
609 979 819 1043 militiae)
841 979 963 1025 mille
984 978 1167 1025 ducenti
1187 976 1466 1041 septuaginta

171 1058 266 1105 duo
296 1055 498 1119 equites,
528 1054 660 1100 mixti
682 1053 895 1100 Numidae
926 1050 1233 1114 Hispanique,
1262 1050 1319 1096 ad
1343 1049 1469 1094 Mar-

173 1130 339 1179 cellum
374 1127 726 1190 transfugerunt.
763 1127 924 1172 eorum
953 1124 1065 1170 forti
1091 1122 1302 1186 fidelique
1329 1138 1470 1184 opera

172 1205 220 1249 in
249 1219 305 1249 eo
324 1202 446 1250 bello
464 1200 528 1247 usi
549 1200 649 1246 sunt
667 1199 782 1263 saepe
800 1198 1012 1245 Romani.
1043 1199 1161 1260 Ager
1187 1195 1395 1258 Hispanis
1421 1195 1470 1240 in

175 1276 392 1340 Hispania
407 1308 421 1331 ,
449 1275 659 1320 Numidis
679 1273 725 1319 in
756 1273 909 1319 Africa
929 1270 1030 1333 post
1058 1269 1229 1317 bellum
1244 1306 1262 1327 ,
1286 1267 1472 1316 virtutis

177 1349 330 1408 causa,
352 1350 463 1396 latus
488 1348 614 1394 datus
635 1347 709 1394 est..
729 1345 983 1400 Hannibal,
1007 1344 1063 1390 ab
1083 1343 1205 1390 Nola
1224 1341 1402 1389 remisso
1424 1341 1472 1386 in

180 1423 384 1472 Bruttios
410 1424 660 1480 Hannone,
685 1438 789 1468 cum
804 1419 966 1483 quibus
983 1428 1168 1466 venerat
1186 1417 1331 1480 copiis
1345 1453 1360 1475 ‚
1381 1414 1473 1478 ipse
1538 1434 1548 1439 ¹·

180 1497 362 1561 Apuliae
384 1496 572 1542 hiberna
589 1495 701 1558 petit
716 1530 729 1554 ‚
758 1495 966 1556 circaque
984 1494 1132 1555 Arpos
1159 1490 1375 1538 consedit.
1411 1491 1475 1550 Q.

178 1571 341 1617 Fabius
355 1605 369 1627 ,
391 1581 442 1615 ut
458 1568 710 1631 profestum
729 1567 776 1613 in
797 1565 1007 1629 Apuliam
1024 1564 1323 1611 Hannibalem
1345 1563 1476 1610 audi-

128 1654 133 1655 ’
179 1646 280 1705 vit,
309 1645 539 1692 frumento
575 1645 631 1691 ab
668 1644 791 1690 Nola
830 1642 1120 1706 Neapolique
1158 1641 1207 1688 in
1245 1658 1296 1688 ea
1335 1639 1476 1688 castra

184 1721 445 1777 εοηνεξὶο,
474 1737 575 1784 quae
608 1719 735 1783 super
771 1718 1014 1765 Suess'ulam
1047 1727 1201 1773 erant,
1222 1715 1480 1762 munimen-

133 1848 135 1850 ,
183 1795 332 1858 tisque
364 1792 580 1849 firmatis,
605 1794 655 1847 ὅ(
684 1792 919 1854 praesidio,
951 1792 1076 1854 quod
1108 1807 1188 1853 per
1210 1789 1399 1836 hiberna
1423 1790 1479 1836 ad

186 1867 423 1917 tutandum
457 1867 612 1914 locum
642 1865 744 1913 satis
779 1865 911 1924 esset,
938 1864 1123 1921 relic‘lo,
1153 1863 1244 1926 ipse
1275 1864 1480 1926 Capuam

185 1940 377 2004 propius
403 1941 556 1988 movit
589 1939 751 1998 castra,
776 1955 1021 2003 agrumque
1050 1939 1335 2000 Campanum
1358 1935 1482 1982 ferro

189 2016 373 2079 ignique
397 2014 458 2062 est
478 2015 778 2078 depopulatus
800 2033 810 2061 ε
832 2015 979 2060 donec
1001 2012 1145 2059 coaffi
1171 2010 1270 2058 sunt
1285 2012 1481 2072 Campa·-

191 2089 266 2145 υἱ,
302 2087 417 2134 nihil
454 2088 702 2134 admodum
740 2086 915 2133 viribus
952 2084 1037 2132 suis
1082 2083 1298 2140 fidentes,
1331 2080 1483 2145 egredi

192 2161 338 2223 portis
354 2198 367 2218 ‚
396 2164 445 2209 &
466 2160 604 2209 castra
628 2173 730 2208 ante
749 2160 906 2207 urbem
927 2158 974 2204 in
1000 2169 1158 2220 aperto
1185 2155 1480 2203 communire.

193 2236 279 2281 Sex
299 2235 436 2281 millia
458 2249 733 2282 armatorum
754 2234 996 2292 habebant,
1013 2231 1210 2295 peditem
1228 2227 1453 2275 imbellem
1471 2246 1483 2274 :

191 2307 393 2369 equitatu
423 2308 521 2369 plus
550 2319 775 2370 poterant.
811 2307 964 2368 itaque
995 2302 1272 2367 equestribus
1304 2300 1482 2364 proeliis

191 2381 455 2428 lacessebant
492 2382 677 2428 bostem.
721 2384 841 2427 Inter
884 2379 1054 2427 multos
1089 2378 1266 2425 nobiless
1309 2377 1481 2440 equites

194 2454 453 2517 Campanos
503 2454 720 2503 Cerrinus
766 2455 978 2503 Iubellius
1028 2468 1121 2501 erat
1138 2491 1152 2513 ,
1201 2452 1480 2518 cognomine
