1628 2890
294 141 382 185 174
637 120 1213 168 T1T1L1v11

285 229 384 275 effe.
420 230 516 274 Hac
539 242 642 273 cum
664 224 738 288 spe
764 223 924 271 dimiffi
954 224 1206 275 Tarentini.
1240 225 1385 290 Ipsum
1416 227 1572 294 ingens

284 302 454 365 cupido
479 299 714 346 incesserat
731 299 922 346 Tarenti
942 298 1171 362 potiundi.
1202 302 1372 349 Urbem
1391 304 1474 350 effe
1497 306 1572 351 vi-

285 379 446 434 debat,
482 392 586 424 cum
610 373 880 436 opulentam
911 373 1233 438 nobilemque,
1267 387 1363 423 tum
1400 377 1573 425 mariti-

283 468 399 498 mam
417 485 431 508 ‚
464 451 516 497 &
541 448 588 494 in
621 445 943 494 Macedoniam
978 460 1241 510 opportune
1271 449 1468 498 versam:
1498 467 1570 496 re-

280 540 472 590 gemque
492 521 752 584 Philippum
776 520 897 568 hunc
914 533 1125 584 portum,
1145 521 1177 568 fi
1196 523 1400 570 tranfiret
1416 524 1463 570 in
1483 527 1568 571 lta·
1627 518 1628 521 ¹

281 602 382 647 liam
403 637 420 658 ,
457 616 563 647 cum
581 596 864 644 Brundisium
891 596 1090 643 Romani
1122 596 1358 656 haberent,
1395 597 1565 660 petitu-

281 692 398 723 rum.
435 674 575 719 Sacro
598 670 701 717 inde
721 680 977 732 perpetrato
994 705 1008 727 ‚
1029 669 1084 715 ad
1112 669 1239 732 quod
1262 680 1473 727 venerat,
1495 671 1568 729 &‚

279 747 386 792 dum
411 745 475 791 ibi
504 756 739 800 moratur,
771 739 1027 803 perv-astato
1059 746 1169 803 agro
1186 732 1395 787 Cumano
1427 740 1564 804 usque

277 822 335 868 ad
356 818 517 878 Miseni
534 815 906 881 promontorium
920 849 934 872 ‚
954 813 1171 861 Puteolos
1201 827 1384 877 repente
1403 832 1563 879 agmen

278 892 509 942 convertit
528 927 542 947 ‚
569 890 625 937 ad
644 888 993 952 opprimendum
1016 886 1268 950 praefidium
1287 889 1560 936 Romanum.

277 970 367 1016 Sex
402 965 541 1014 millia
572 962 811 1010 hominum
842 975 1001 1021 erant,
1038 963 1062 1009 ξ’
1116 963 1244 1008 'aeus
1277 962 1562 1010 munimento

276 1056 492 1106 quoque,
508 1053 606 1083 non
626 1047 786 1083 natura
807 1035 971 1092 modo,
988 1047 1126 1080 tutu„
1158 1045 1180 1081 1
1194 1067 1207 1080 t
1268 1052 1373 1082 ‘zum
1386 1034 1449 1082 ibi
1463 1052 1563 1081 mo-

276 1127 396 1164 ratus
413 1115 606 1166 Poenus,
623 1110 680 1157 ab
702 1108 830 1156 omni
850 1119 973 1171 parte
994 1118 1166 1153 tentato
1183 1108 1415 1170 praesidio,
1436 1109 1563 1155 (lein-

275 1190 330 1236 de
351 1223 365 1242 ‚
402 1198 453 1232 ut
483 1183 597 1252 nibil
633 1181 907 1245 proce-debat
925 1215 941 1238 ,
972 1180 1028 1227 ad
1055 1180 1368 1243 populandum
1405 1199 1562 1245 agrum

276 1258 667 1323 Neapolitanum,
712 1254 851 1318 magis
894 1254 959 1300 ira
994 1269 1130 1316 quarn
1166 1254 1402 1316 potiundae
1437 1254 1563 1300 urbis

273 1334 375 1396 spe,
400 1328 626 1395 proceffit.
650 1328 865 1374 Adventu
886 1325 980 1388 ejus
1005 1327 1052 1372 in
1071 1327 1378 1391 propinquum
1400 1345 1560 1392 agrum

274 1406 457 1454 Nolana
487 1416 612 1450 mota
643 1402 705 1448 est
735 1400 886 1465 plebs,
915 1399 1005 1463 jam
1035 1399 1110 1446 diu
1131 1401 1287 1448 aversa
1309 1402 1365 1448 ab
1385 1402 1560 1448 Roma-

272 1482 369 1539 nis,
385 1481 436 1527 &
456 1476 612 1524 infesta
631 1473 798 1521 senatui
820 1473 917 1521 suo.
938 1473 1088 1536 itaque
1111 1473 1246 1537 legati
1265 1475 1321 1520 ad
1339 1474 1557 1522 areeffen-

271 1555 381 1600 dum
412 1548 711 1597 Hannibalem
730 1584 744 1605 ‚
781 1564 886 1594 cum
906 1546 1025 1593 haud
1044 1546 1183 1592 dubio
1214 1546 1432 1608 promiffo
1465 1560 1557 1594 tra-
1587 1569 1591 1572 ·

269 1626 428 1673 dendae
453 1622 601 1679 urbis,
622 1631 858 1669 venerunt.
893 1618 1121 1666 Praevenit
1142 1618 1374 1682 inceptum
1393 1635 1554 1667 eorum

270 1698 513 1746 Marcellus
544 1694 733 1752 consul,
761 1711 787 1741 a
816 1693 1088 1757 primoribus
1118 1693 1300 1741 accitus.
1335 1694 1428 1741 Die
1456 1713 1554 1742 uno

268 1773 508 1821 Suessulam
541 1789 565 1818 a
595 1769 809 1827 Calibus,
841 1786 945 1816 cum
968 1767 1218 1815 Vulturnus
1252 1768 1393 1814 amnis
1426 1769 1552 1831 traji-

269 1847 462 1894 cientem
481 1855 684 1891 moratus
707 1842 811 1889 effet
826 1878 840 1897 ‚
869 1841 1177 1889 contenderat.
1218 1840 1322 1886 inde
1342 1841 1551 1903 proxima

269 1920 401 1967 no&e
438 1918 512 1965 sex
547 1917 688 1965 millia
719 1916 920 1979 peditum
941 1953 954 1974 ‚
991 1915 1250 1978 equitesque
1287 1926 1547 1973 trecentos,

266 1993 347 2056 qui
368 1991 574 2056 praefidio
594 1990 762 2038 senatui
780 1992 916 2037 ess'ent
934 2026 947 2048 ,
977 1990 1146 2036 Nolam
1171 1990 1441 2037 intromisit:
1472 1992 1546 2048 δέ,

265 2068 333 2114 uti
359 2085 383 2114 a
411 2065 595 2115 consule
619 2064 775 2111 omnia
794 2063 982 2128 impigre
1016 2063 1127 2112 faeta
1155 2064 1254 2111 sunt
1283 2065 1337 2112 ad
1368 2081 1547 2128 praeoe-

266 2141 519 2203 cupandam
538 2140 704 2187 Nolam
719 2171 734 2196 ,
752 2138 811 2185 ita
831 2138 1053 2185 Hannibal
1070 2151 1244 2201 tempus
1263 2138 1456 2195 terebat3
1478 2138 1545 2185 bis

264 2213 353 2275 jam
372 2227 472 2261 ante
492 2213 798 2278 nequidquam
817 2225 981 2260 tentata
1000 2229 1047 2259 re
1058 2211 1271 2287 ‚legnior
1288 2213 1342 2258 ad
1360 2212 1544 2259 creden-

263 2287 368 2332 dum
389 2285 577 2332 Nolanis
605 2285 757 2333 faflus.

326 2362 449 2408 XIV
475 2360 629 2408 Iisdem
661 2361 815 2407 diebus
843 2362 891 2408 &
920 2364 980 2420 Q.
1003 2361 1161 2409 Fabius
1187 2361 1346 2409 consul
1376 2362 1431 2409 acl
1449 2363 1541 2409 Ca-

261 2435 439 2483 filinum
475 2436 733 2482 teman-:lum
753 2471 767 2494 ‚
803 2438 927 2500 quod
959 2436 1165 2499 praesidio
1197 2437 1374 2486 Punico
1409 2449 1536 2484 tene-
