1628 2890
279 126 827 189 HISTORIARUM
872 127 994 173 LIB.
1030 127 1234 175 XXVI.
1304 131 1392 194 365

122 234 454 297 las'militesque
471 271 484 293 ‚
508 237 638 295 dum,
662 253 751 300 qua
780 236 942 300 cuique
963 237 1222 301 proximum
1243 239 1331 300 est,
1353 240 1402 289 in

122 318 285 353 terram
306 307 493 355 evadere
514 321 784 372 properant,
816 310 907 373 ipsa
930 310 1214 360 festinatione
1239 314 1289 362 ὅ(
1306 330 1404 361 cer-

122 379 290 425 tamine
320 379 395 425 atii
416 380 528 427 aiios
548 381 811 444 impediunt.

161 451 325 496 XLV.
356 454 474 497 Inter
495 452 591 500 haec
619 453 874 516 repleverat
900 453 991 516 jam
1025 458 1192 503 Poenus
1224 456 1405 504 armatis

120 538 306 580 muros,
338 524 388 570 &
414 523 483 570 vis
516 541 671 588 magna
688 561 701 582 ‚
734 542 789 572 ex
814 527 988 590 ingenti
1010 529 1143 591 copia
1170 529 1404 592 congesta,

121 595 318 642 telorum
339 596 654 659 suppeditabat,
686 599 769 644 Sed
790 616 933 663 neque
953 601 1067 657 viri,
1084 619 1167 649 nec
1186 602 1298 659 tela,
1317 619 1406 650 nee

119 669 367 731 quidquam
387 671 506 716 ahud
536 688 689 734 aeque,
711 689 843 735 quam
868 674 1039 720 moenia
1070 673 1160 737 ipsa
1193 674 1304 734 sese,
1329 676 1405 721 de·

123 732 378 790 fendebant.
409 760 516 790 rarae
547 745 666 791 enim
694 744 817 792 scalae
846 746 1070 793 altitudini
1103 749 1270 812 aequati
1295 760 1406 811 pot-

122 827 252 860 erant
281 832 290 861 ι
325 817 401 873 &,
437 832 530 878 quo
563 833 753 879 quaeque
789 818 1000 877 altiores,
1038 835 1094 866 eo
1133 819 1406 868 infirmiores

68 902 69 905 ’
123 897 264 933 erant.
302 889 479 949 Itaque,
517 905 617 934 cum
645 889 847 935 summus
868 890 1052 954 quisque
1082 892 1272 938 evadere
1306 909 1405 939 non

125 958 297 1019 posset,
328 958 523 1004 subirent
545 972 692 1005 tamen
721 961 826 1018 alii,
855 977 994 1007 onere
1013 962 1110 1024 ipso
1130 961 1405 1027 frangeban-
1466 989 1473 1002 -·

124 1041 213 1076 tur.
248 1030 460 1092 quidam,
503 1030 714 1077 stantibus
747 1031 902 1090 scalis,
934 1050 1035 1079 cum
1071 1033 1262 1080 altitudo
1292 1035 1405 1082 cali-

124 1102 275 1165 ginem
301 1102 444 1149 oculis
473 1101 727 1160 offudisset,
748 1103 803 1150 ad
832 1115 996 1150 terram
1030 1104 1161 1151 delati
1190 1104 1303 1152 sunt.
1347 1107 1405 1153 Et

124 1190 228 1220 cum
262 1173 411 1235 paffim
431 1173 636 1220 homines
655 1173 871 1239 scalaeque
898 1187 1104 1235 ruerent,
1123 1178 1173 1224 δε
1191 1177 1289 1240 ipso
1307 1177 1407 1226 suc-

124 1246 244 1294 ceffu
270 1246 452 1292 audacia
482 1262 617 1310 atque
650 1247 847 1295 alacritas
878 1248 1073 1295 hostium
1094 1249 1329 1307 cresceret,
1353 1252 1406 1298 fi-

124 1334 262 1381 gnum
283 1317 481 1380 receptui
508 1319 657 1364 datum
680 1318 770 1374 est3
803 1321 928 1382 quod
948 1320 1067 1383 spem
1093 1338 1188 1368 non
1216 1323 1406 1386 praesen-

124 1390 183 1436 tis
215 1390 356 1435 modo
378 1393 431 1436 ab
460 1402 588 1437 tanto
614 1392 854 1438 certamine
875 1410 926 1440 ac
947 1393 1099 1441 labore
1129 1394 1289 1457 quietis
1316 1397 1405 1443 ob-

125 1461 243 1508 seflis
260 1497 272 1518 ‚
296 1461 367 1508 sed
400 1463 532 1510 etiam
562 1464 608 1509 in
631 1464 858 1526 posterum
879 1466 999 1512 dedit
1014 1501 1027 1523 ‚
1054 1465 1178 1513 scaiis
1196 1469 1246 1515 &
1265 1485 1407 1516 coro-

127 1551 186 1580 na
216 1534 315 1596 capi
342 1535 497 1581 urbem
524 1552 618 1581 non
655 1536 790 1598 posse.
829 1554 966 1599 opera
995 1538 1045 1584 &
1068 1538 1267 1586 difficilia
1292 1540 1406 1599 effe,

127 1612 179 1658 &
209 1622 382 1672 tempus
411 1611 560 1659 datura
592 1611 646 1657 ad
678 1610 903 1657 ferendam
933 1627 1096 1672 opem,
1126 1611 1407 1674 imperatori-

127 1684 210 1731 bus
235 1684 334 1730 suis.
372 1685 463 1730 Vix
483 1686 608 1747 prior
628 1684 842 1731 tumultus
864 1686 1144 1732 conticuerat
1157 1724 1171 1742 ,
1191 1703 1292 1734 cum
1309 1687 1407 1734 Sci-

128 1758 207 1822 pio
227 1759 282 1804 ab
307 1758 477 1806 defeffis
503 1759 590 1820 jam
615 1759 948 1823 vulneratisque
967 1773 1166 1807 recentes
1184 1761 1406 1825 integros—

129 1846 217 1893 que
244 1830 355 1897 alios
375 1831 575 1893 accipere
595 1830 724 1877 scalas
744 1829 892 1892 jubet,
912 1832 960 1878 &
984 1831 1030 1878 vi
1049 1831 1220 1893 majore
1247 1849 1406 1896 aggre-

130 1902 176 1948 di
206 1902 377 1950 urbem.
407 1903 501 1964 Ipse
521 1938 535 1960 ‚
564 1915 612 1949 ut
632 1903 670 1949 ei
689 1903 942 1949 nuntiatum
963 1905 1055 1960 est,
1091 1905 1242 1951 aestum
1273 1907 1406 1953 dece-

131 1973 260 2032 dere,
285 1975 409 2037 quod
429 1991 508 2036 per
531 1973 772 2036 piscatores
796 1975 1179 2034 Tarraconenses,
1201 1994 1320 2025 nunc
1338 1977 1407 2025 le·-

130 2046 265 2093 vibus
291 2045 494 2109 cymbis,
526 2063 671 2100 nunc,
705 2047 784 2093 ubi
805 2064 868 2093 eae
897 2047 1115 2106 fiderent,
1150 2050 1274 2097 vadis
1307 2067 1409 2113 per-

131 2130 320 2182 vagatos
339 2117 537 2181 stagnum
554 2155 566 2177 ,
592 2131 875 2181 compertum
899 2120 1115 2178 habebat,
1135 2120 1309 2168 facilem
1331 2139 1406 2186 pe-

131 2190 262 2236 dibus
294 2189 350 2234 ad
379 2207 554 2236 murum
588 2191 817 2237 transitum
848 2191 972 2250 dari,
1004 2208 1061 2238 eo
1088 2192 1236 2239 secum
1264 2211 1409 2242 arma-

131 2263 366 2310 tosduxit.
402 2264 603 2310 Medium
624 2263 761 2310 ferme
790 2263 877 2310 diei
895 2277 1011 2311 erat:
1040 2266 1090 2312 &
1112 2266 1165 2311 ad
1184 2266 1231 2312 id
1246 2303 1260 2325 ‚
1281 2268 1405 2332 quod

133 2333 210 2380 sua
238 2333 396 2397 sponte
416 2336 600 2382 cedente
633 2336 681 2382 in
709 2353 827 2383 mare
849 2336 955 2383 aestu
983 2339 1239 2386 trahebatur
1267 2358 1404 2403 aqua,

133 2420 236 2452 acer
252 2404 381 2454 etiam
397 2407 667 2470 Septemtrio
684 2419 811 2459 ortus
829 2407 1092 2460 inclinatum
1111 2410 1311 2475 stagnum
1330 2427 1408 2459 eo-
