1628 2890
237 160 362 207 T1T1
395 157 534 205 LlVll
566 150 911 200 HISTORIAR.
942 149 1045 195 LIB.
1072 145 1244 193 XXIII.
1328 141 1385 207 85

165 271 211 312 fis
245 268 433 310 exercitus
468 267 507 305 in
545 264 715 306 Siciliam
751 262 924 312 relegatae
956 258 1070 307 sunt3
1096 270 1144 296 ne
1174 255 1399 296 recederent

166 333 279 380 inde,
301 331 365 371 nisi
381 330 488 369 finito
511 327 626 368 bello.
640 327 741 367 Inter
755 324 973 374 Philippum
989 321 1249 363 Macedonum
1268 328 1399 369 regem

168 397 205 435 ἂ
226 391 487 435 Hannibalem
509 389 667 428 societas
690 388 822 436 juncta
844 385 907 424 est.
930 382 1178 434 Sempronius
1200 377 1396 421 Gracchus

167 454 304 497 consul
331 454 551 503 Campanos
572 448 724 489 cecidit.
747 447 929 487 Praeterea
949 447 990 486 in
1009 444 1179 486 Sardinia
1199 441 1359 482 feliciter
1374 452 1399 480 a

164 519 213 559 Τ.
234 516 385 558 Manlio
411 524 570 567 praetore
594 510 769 552 adversus
794 510 933 549 Poenos
956 506 1168 556 Sardosque
1192 516 1248 543 res
1277 501 1398 554 gestas

165 580 343 619 continet
363 594 373 618 :
396 589 417 616 a
450 589 529 627 quo
559 570 775 615 Hasdrubal
814 572 918 618 dux,
951 572 987 610 δε
1019 569 1165 619 Mago,
1189 568 1223 606 δε
1251 565 1398 605 Hanno

165 639 282 690 capti.
316 636 497 678 Claudius
520 633 727 675 Marcellus
744 639 910 683 praetor,
927 628 1157 671 Hannibalis
1185 625 1401 666 exercitum

89 707 92 710 ⁴
166 703 217 743 ad
253 701 397 742 Nolam
431 697 568 751 proelio
597 696 700 736 fudit
728 698 764 736 δι
790 694 883 734 vicit
907 706 916 732 τ
942 690 1160 743 primusque
1185 696 1245 729 tot
1275 687 1404 729 eladio

165 764 237 805 bus
261 763 360 804 fessis
390 760 573 803 Romanis
601 757 802 799 meliorem
828 755 937 807 spem
966 752 1056 793 belli
1080 751 1202 792 dedit.

112 984 145 1029 1.
181 915 600 1037 HANMBAL,
627 975 728 1042 post
749 972 1032 1023 Cannensem
1062 985 1257 1035 pugnam
1275 1002 1290 1025 ‚
1323 977 1400 1017 cass

113 1056 197 1103 stra
227 1071 355 1120 capta
373 1073 424 1104 ac
445 1055 617 1117 direpta
636 1087 650 1112 ‚
673 1048 911 1100 confestim
943 1065 999 1095 ex
1023 1045 1183 1110 Apulia
1202 1044 1250 1091 in
1269 1044 1400 1090 Sam-

111 1129 238 1176 nium
267 1139 502 1177 moverat:
536 1125 703 1174 accitus
734 1123 780 1170 in
800 1120 1022 1184 Hirpinos
1051 1136 1077 1166 a
1095 1115 1238 1165 Statio
1258 1152 1272 1173 ‚
1291 1113 1400 1178 polzm

110 1201 278 1248 licente
308 1201 350 1248 se
383 1199 627 1263 Compsam
664 1196 946 1245 traditurum.
986 1190 1270 1255 Compsanus
1304 1198 1401 1235 erat

110 1272 307 1319 Trebius
338 1272 505 1319 nobilis
529 1272 645 1320 inter
672 1269 800 1316 suos:
825 1266 897 1319 sed
922 1263 1150 1330 premebat
1169 1278 1273 1309 eum
1289 1261 1400 1306 Mo-

110 1345 312 1409 pfiorum
342 1345 478 1392 faeno
497 1377 512 1400 ‚
542 1341 723 1390 familiae
754 1357 834 1404 per
863 1340 1046 1404 gratiam
1078 1337 1400 1383 Romanorum

111 1419 328 1482 potentis.
361 1418 465 1466 Post
486 1418 648 1465 famam
664 1414 909 1464 Cannensis
931 1429 1117 1476 pugnae,
1137 1408 1399 1472 vulgatum-1·

107 1508 198 1554 que
224 1490 382 1540 Trebii
410 1490 689 1538 sermonibus
707 1489 950 1537 adventum
970 1482 1232 1532 Hannibalis
1250 1517 1262 1539 ,
1291 1496 1398 1528 cum

107 1564 337 1627 Mopsiani
364 1565 521 1612 urbem
540 1562 848 1618 exceffiffent3
877 1559 969 1606 fine
989 1554 1230 1605 certamine
1259 1551 1399 1601 tradi-

109 1649 155 1686 ta
175 1640 281 1687 urbs
295 1641 444 1687 Poeno
458 1676 472 1698 ,
485 1638 829 1702 praefidiumque
849 1645 1083 1697 acceptum
1103 1630 1176 1679 est.
1198 1627 1263 1676 Ibi
1282 1643 1397 1690 prae-2

110 1712 168 1758 da
193 1711 321 1759 omni
347 1724 480 1775 atque
509 1709 840 1774 impedimentis
861 1706 1023 1754 reliffis
1040 1741 1053 1765 ‚
1075 1700 1276 1751 exercitu
1295 1715 1397 1764 par-

110 1785 224 1844 tite,
246 1787 491 1850 Magonem
519 1784 716 1849 regionis
735 1782 831 1845 ejus
857 1781 986 1828 urbes
1001 1815 1015 1838 ‚
1039 1788 1117 1825 aut
1137 1773 1399 1822 deficientes

111 1857 165 1903 ab
183 1857 398 1905 Romanis
416 1857 641 1920 accipere,
660 1866 736 1902 aut
753 1854 1044 1901 detreEIantes
1065 1864 1227 1913 cogere
1247 1844 1303 1893 ad
1321 1843 1397 1890 de-

112 1929 353 1977 feffionem
378 1929 515 1992 jubet.
551 1929 643 1993 ipse
668 1945 747 1992 per
773 1944 931 1992 agrum
963 1926 1244 1986 Campanum
1273 1931 1399 1965 mare

111 2001 308 2050 inferum
335 2003 474 2066 petit,
504 2012 843 2066 oppugnaturus
866 1996 1111 2060 Neapolim
1128 2030 1142 2053 ,
1167 2004 1219 2040 ut
1237 1989 1399 2038 urbem

112 2077 382 2125 maritimam
404 2077 597 2123 haberet.
623 2075 716 2123 Ubi
744 2073 854 2121 fines
884 2069 1295 2133 Neapolitanorum
1324 2063 1398 2109 in·-

88 2167 91 2169 ·
109 2150 274 2208 travit,
293 2150 508 2199 Numidas
529 2150 689 2214 partim
709 2150 756 2196 in
777 2147 944 2195 insidiis
971 2145 1052 2209 (Sc
1072 2143 1298 2207 pleraeque
1319 2155 1396 2186 ca-

112 2241 183 2271 vae
201 2223 301 2270 sunt
317 2223 429 2278 viae,
445 2222 647 2287 sinusque
668 2219 873 2284 occulti)
902 2231 1171 2282 quacunque
1189 2224 1289 2277 apte
1308 2227 1394 2275 po-

109 2308 248 2356 terat,
263 2295 497 2360 disposuit:
515 2295 650 2354 alios,
669 2312 762 2358 prae
778 2293 820 2341 se
838 2293 978 2340 a&am
995 2289 1190 2354 praedam
1205 2304 1262 2334 ex
1282 2284 1402 2348 agris.

110 2369 411 2426 ostentantes,
435 2367 699 2433 obequitare
720 2366 864 2431 portis
880 2364 1011 2429 justit.
1040 2363 1089 2410 in
1116 2377 1262 2425 quos,
1288 2357 1396 2422 quia

111 2457 196 2491 nec
225 2439 384 2502 multi,
408 2441 461 2490 δι
488 2440 779 2506 incompositi
800 2438 1099 2491 videbantur,
1127 2450 1229 2481 cum
1249 2443 1398 2480 turma

1041 2509 1072 2554 F
1110 2521 1133 2569 3
