1628 2890
211 129 779 207 HtsToRtARUM
815 159 941 207 ΗΒ.
976 159 1203 206 xxvii.
1268 173 1363 222 431

80 262 235 311 dierat.
272 279 368 310 eam
397 261 676 309 inconditam
702 263 1010 327 inermemque
1031 261 1365 311 multitudinem

79 337 231 398 primo
262 335 406 381 statim
436 350 609 382 terrore
636 335 883 382 adveniens
918 337 1061 398 cepit:
1099 335 1365 399 compensa-

81 421 303 472 veratque
335 425 384 454 ea
413 408 592 470 praeda,
626 407 751 470 quod
782 406 1043 470 ignominiae
1069 409 1124 455 ad
1155 409 1270 456 Elim
1292 426 1368 458 ac-

81 494 262 541 ceptum
281 478 433 526 fuerat.
456 478 700 526 Dividenti
718 479 914 541 praedam
931 480 1226 545 captivosque
1245 482 1367 547 (fue-

81 562 183 598 rant
199 564 346 597 autem
367 564 564 614 quatuor
582 550 722 597 millia
736 551 973 598 hominum
987 588 1000 611 ,
1020 554 1198 616 pecoris
1217 558 1366 604 omnis

80 625 256 689 generis
289 625 345 672 ad
378 625 517 671 millia
546 624 742 688 viginti)
781 626 968 674 nuntius
1003 643 1060 673 ex
1094 629 1366 678 Macedonia

80 700 212 746 venit
229 736 243 757 ,
265 702 469 762 Eropum
488 700 712 763 quendam
726 736 740 755 ,
771 713 990 762 corrupto
1011 702 1122 749 arcis
1150 705 1365 765 praesidii-

81 789 172 836 que
202 773 442 836 praefecto,
471 773 758 837 Lychnidum
784 772 966 835 cepiffe:
1002 787 1154 822 tenere
1178 778 1229 823 &
1255 778 1366 824 Das-

84 843 345 891 saretiorum
363 845 580 909 quosdam
601 845 754 899 vicos,
772 846 821 892 &
836 845 1077 892 Dardanos
1098 847 1231 893 etiam
1252 865 1368 896 con-

84 917 193 965 cire.
229 917 404 964 Omiffo
440 917 575 980 igitur
608 916 806 962 Achaico
840 917 987 975 bello,
1023 917 1182 965 relictis
1217 931 1367 968 tamen

82 990 262 1037 duobus
289 991 486 1037 millibus
506 992 556 1036 &
576 989 833 1052 quingentis
861 989 1010 1035 omnis
1031 992 1203 1052 generis
1222 1008 1369 1040 arma·

82 1074 234 1108 torum
276 1079 379 1109 cum
414 1063 636 1125 Menippo
681 1064 730 1109 &
764 1061 1049 1125 Polyphanta
1087 1062 1276 1110 ducibus
1312 1065 1367 1111 ad

85 1135 338 1198 praefidium
377 1134 605 1182 sociorum
622 1171 635 1192 ,
678 1134 906 1197 profectus
948 1134 1006 1181 ab
1051 1135 1246 1198 Dymis,
1289 1153 1368 1198 per

86 1207 300 1269 Achaiam
322 1208 638 1270 Boeotiamque
670 1210 720 1254 &
746 1207 965 1252 Euboeam
981 1242 994 1265 ‚
1018 1206 1197 1254 decimis
1219 1208 1368 1257 castris

24 1294 27 1297 ’
84 1279 422 1326 Demetriadem
454 1279 501 1324 in
519 1279 785 1326 Theffaliam
806 1278 1030 1341 pervenit.

148 1352 366 1399 XXXIII.
401 1353 465 1399 Ibi
489 1352 564 1398 alii
581 1389 594 1408 ,
614 1351 833 1412 majorem
849 1351 1079 1399 afferentes
1095 1354 1338 1402 tumultum
1353 1391 1370 1414 ,

86 1425 235 1472 nuntii
264 1439 515 1473 occurrunt
534 1446 544 1473 ε
565 1427 830 1484 Dardanos,
859 1426 905 1471 in
923 1428 1238 1475 Macedoniam
1258 1429 1371 1475 effu-

84 1502 156 1547 sos
169 1537 185 1558 ,
213 1501 466 1548 Orestidem
485 1501 574 1563 jam
595 1515 772 1558 tenere,
794 1519 845 1548 ac
866 1501 1131 1548 descendisse
1157 1503 1204 1549 in
1230 1508 1372 1568 Arge·

85 1575 242 1622 istaeum
262 1593 468 1639 campum
486 1594 497 1623 ε
518 1575 770 1638 famamque
786 1575 901 1621 inter
919 1575 1129 1623 barbaros
1148 1578 1372 1626 celebrem

83 1649 170 1696 effe
184 1686 198 1708 ,
219 1649 476 1712 Philippum
495 1648 709 1697 occisum.
737 1647 1036 1711 Expeditione
1057 1665 1125 1706 ea,
1156 1667 1242 1713 qua
1263 1668 1371 1699 cum

86 1723 434 1787 populatoribus
453 1723 547 1787 agri
566 1724 620 1769 ad
636 1724 882 1785 Sicyonem
905 1722 1126 1785 pugnavit
1140 1759 1154 1781 ‚
1171 1722 1217 1768 in
1237 1723 1374 1769 arbo-

85 1813 181 1843 rem
218 1796 367 1843 illatus
410 1797 581 1859 impetu
622 1795 760 1858 equi,
795 1795 851 1840 ad
886 1793 1156 1840 eminentem
1198 1811 1373 1842 ramum

86 1888 235 1918 cornu
274 1871 461 1917 alterum
498 1870 635 1934 galeae
671 1867 910 1932 praefregit.
958 1867 1003 1912 id
1041 1867 1278 1914 inventum
1314 1868 1372 1914 ab

85 1943 244 1990 AEtolo
264 1943 462 2007 quodam
480 1978 493 2000 ‚
527 1942 835 2004 perlatumque
855 1940 902 1986 in
931 1938 1145 1986 AEtoliam
1165 1940 1221 1985 ad
1240 1940 1373 1985 Scer-

85 2016 298 2062 dilaedum
316 2053 328 2075 ,
347 2016 419 2065 cui
447 2028 608 2062 notum
633 2028 727 2062 erat
745 2013 915 2077 insigne
933 2012 1068 2076 galeae
1083 2049 1096 2069 ‚
1116 2011 1278 2058 famam
1299 2012 1373 2057 in-

84 2089 256 2136 terfec'ti
279 2089 393 2152 regis
413 2088 635 2152 vulgavit.
660 2086 762 2133 Post
781 2084 1112 2149 profeffionem
1131 2101 1187 2131 ex
1205 2082 1374 2145 Achaia

86 2163 200 2225 regis
216 2198 230 2220 ‚
249 2162 468 2224 Sulpicius
484 2198 498 2221 ‚
517 2161 722 2224 AEginam
744 2159 873 2206 claffe
892 2157 1117 2221 profeEIus
1132 2194 1147 2214 ,
1173 2174 1275 2203 cum
1293 2158 1374 2202 At-

86 2239 190 2285 tolo
220 2236 305 2284 sese
346 2230 602 2298 conjunxit.
643 2236 795 2283 Achaei
828 2252 934 2282 cum
968 2233 1130 2281 AEtolis
1165 2231 1374 2295 Eleisque

87 2312 202 2358 haud
229 2313 392 2376 procul
427 2310 620 2356 Messene
640 2309 898 2373 prosperam
929 2324 1121 2370 pugnam
1150 2304 1374 2353 fecerunt.

88 2385 261 2431 Attalus
306 2402 386 2430 rex
427 2387 476 2432 δε
508 2386 554 2430 Ρ.
588 2383 810 2444 Sulpicius
844 2382 1013 2444 AEginae
1063 2381 1373 2425 hibernarum.

84 2454 222 2508 Exitu
252 2452 382 2517 hujus
411 2454 517 2501 anni
549 2454 607 2504 T.
635 2452 880 2514 Quinctius
918 2451 1155 2513 Crispinus
1187 2449 1378 2509 consul,
