1628 2890
207 164 270 211 94
562 139 1122 187 T1T1L1V11

208 253 288 300 suo
321 249 481 298 festum
513 249 641 294 laetus
669 263 721 294 ac
753 246 895 294 libens
927 246 1196 303 celebraret;
1228 262 1485 311 quanquam

207 341 406 389 praeceps
429 322 614 386 ingenio
647 321 693 367 in
725 321 837 367 iram
865 334 989 377 erat,
1017 332 1164 368 tamen
1181 358 1195 377 ‚
1216 339 1270 369 ne
1299 323 1409 386 quid
1437 322 1484 368 in

207 396 435 460 principio
465 405 674 457 negaret,
697 392 877 442 visenda
902 393 1012 439 urbe
1038 410 1243 457 magnam
1271 394 1358 440 diei
1381 411 1486 457 par-

208 482 296 515 tem
331 465 588 515 consumsit.

273 543 389 587 VIII.
420 539 696 587 Deversatus
721 537 782 593 est
803 539 919 601 apud
940 538 1138 586 Ninnios
1163 541 1368 599 Celeres,
1384 542 1486 594 Ste—

210 612 337 658 nium
358 611 724 672 Pacuviumque‚
758 610 937 657 inclitos
969 610 1199 657 nobilitate
1221 628 1272 658 ac
1299 612 1486 660 divitiis.

207 685 277 730 Eo
315 675 546 730 Pacuviusv
569 682 809 737 Calavius,
847 682 899 728 de
936 699 1029 745 quo
1062 694 1166 728 ante
1197 682 1365 729 dictum
1396 683 1487 742 est,

207 757 417 821 princeps
440 754 648 802 faffionis
681 752 802 815 ejus,
822 771 933 817 quae
960 766 1153 800 traxerat
1178 771 1272 801 rem
1301 754 1357 801 ad
1380 755 1488 802 Poe·-

208 848 294 878 nos
308 866 321 889 ‚
342 828 484 895 filiurn
506 828 718 890 juvenem
746 828 955 886 adduxit,
975 828 1237 874 abstrafilum
1257 829 1333 875 abs
1353 827 1489 875 Decii

208 903 350 967 Magii
388 902 551 959 latere,
584 918 685 947 cum
720 917 814 963 quo
854 899 1122 948 ferociffime
1159 917 1243 963 pro
1281 902 1489 947 Romana

208 977 421 1024 societate
461 969 934 1020 adveriusspunicum
964 972 1120 1019 ·foedus
1157 973 1361 1029 steterat3
1406 990 1489 1020 nec

208 1068 310 1098 eum
339 1062 414 1096 ant
449 1048 663 1100 inclinata
694 1047 740 1093 in
774 1060 944 1109 partem
980 1048 1161 1094 alteram
1196 1048 1381 1106 civitas,
1413 1061 1490 1095 aut

205 1123 350 1188 patria
375 1120 573 1183 majestas
602 1120 817 1167 sententia
835 1121 1075 1183 depulerat.
1109 1122 1226 1168 Huic
1250 1134 1344 1168 tum
1365 1135 1489 1184 pater

206 1193 366 1259 juveni
389 1192 683 1239 Hannibalem
711 1193 996 1254 deprecando
1026 1194 1193 1256 magis,
1222 1212 1353 1257 quam
1378 1211 1487 1255 pur-

209 1266 355 1330 gando
373 1301 386 1324 ,
403 1263 622 1327 placavit,
641 1263 872 1326 vielusque
889 1264 1025 1325 patris
1049 1264 1255 1326 precibus
1277 1264 1489 1312 lacrimis-

209 1358 297 1406 que
323 1340 457 1388 etiam
475 1338 530 1384 ad
547 1354 726 1385 coenam
756 1354 859 1383 eum
880 1355 982 1384 cum
1015 1351 1138 1400 patre
1165 1338 1323 1387 vocari
1338 1337 1456 1400 juffit
1476 1358 1489 1385 z

209 1416 282 1464 cui
317 1413 544 1462 convivio
584 1412 809 1458 neminem
846 1413 1155 1474 Campanum,
1191 1425 1489 1476 praeterquam
1537 1450 1547 1454 .-

208 1486 432 1550 hospstes,
464 1484 792 1547 Jubelliumque
825 1484 1078 1543 Tauream,
1115 1484 1332 1548 insignem
1363 1486 1487 1533 bello

209 1562 362 1608 virum
379 1596 392 1617 ‚
413 1558 689 1605 adhibiturus
716 1569 823 1605 erat.
849 1559 1104 1621 Coeperunt
1123 1558 1292 1621 epulari
1313 1558 1368 1604 de
1389 1559 1487 1619 die,

209 1635 260 1680 &
289 1630 559 1680 convivium
595 1647 691 1677 non
726 1646 783 1677 ex
813 1646 941 1676 more
964 1629 1165 1688 Punico,
1201 1643 1275 1677 aut
1307 1630 1488 1679 militari

207 1705 438 1769 disciplina
457 1703 568 1760 effe3
589 1702 659 1749 sed
673 1738 687 1760 ,
704 1714 752 1749 ut
769 1703 816 1749 in
836 1702 1018 1750 civitate
1036 1714 1169 1765 atque
1189 1703 1321 1749 etiarn
1343 1704 1487 1751 domo

207 1775 466 1833 luxuriosa,
506 1775 719 1821 omnibus
746 1774 1034 1836 voluptatum
1067 1773 1286 1822 illecebris
1319 1774 1487 1821 instru-

209 1853 340 1900 ἃιιῐη.
360 1853 489 1897 Unus
509 1865 592 1896 nec
619 1848 909 1896 dominorum
929 1847 1224 1906 invitatione,
1246 1865 1329 1895 nec
1352 1848 1488 1911 ipsius

208 1923 435 1972 interdum
461 1921 755 1980 Hannibalis,
790 1922 967 1970 Calavii
1002 1920 1119 1969 filius
1149 1923 1323 1969 Perolla
1358 1923 1486 1971 vinci

207 1996 384 2061 potuit;
421 1994 512 2057 ipse
555 1959 858 2042 valetudinem
897 1993 1110 2041 excusans
1127 2031 1141 2054 ,
1187 2007 1311 2058 patre
1350 1995 1488 2043 animi

206 2086 391 2134 quoque
410 2068 504 2131 ejus
528 2068 645 2115 haud
665 2068 914 2115 mirabilem
939 2068 1360 2116 interturbationem
1381 2086 1487 2117 cau-

208 2144 342 2191 sante.
373 2143 490 2189 Solis
530 2142 668 2189 ferme
707 2141 869 2189 occasu
911 2155 1082 2205 patrem
1121 2142 1393 2201 Calavium,
1426 2159 1485 2190 ex

209 2215 436 2262 convivio
467 2215 681 2278 egreffum
697 2249 711 2271 ‚
731 2214 901 2261 secutus
934 2213 1079 2272 filius,
1100 2215 1179 2261 ubi
1204 2215 1249 2260 in
1270 2213 1486 2262 secretum

210 2286 391 2352 (hortus
409 2302 503 2334 erat
524 2286 706 2349 posticis
725 2286 885 2332 aedium
906 2285 1130 2350 partibus)
1152 2300 1484 2349 pervenerunt,

212 2361 462 2425 Constlium,
480 2359 657 2424 inquit,
683 2359 834 2424 affiro,
848 2377 996 2422 pater,
1021 2379 1099 2421 quo
1120 2379 1204 2406 72072
1223 2362 1384 2406 veniam
1400 2363 1484 2422 so-

206 2439 292 2480 lum
302 2437 462 2496 peccati
474 2469 489 2493 ‚
507 2436 618 2495 quod
637 2433 857 2500 defecimus
877 2437 937 2480 ad
951 2435 1235 2480 Hannibalem
1251 2466 1265 2491 ‚
1288 2437 1482 2495 impetra-
