1628 2890
215 160 804 210 HISTORIARUM
838 159 970 206 LIB.
1005 157 1172 205 XXV.
1277 155 1365 202 261

89 268 241 332 itaque
277 269 428 316 eadem
461 266 738 323 temeritate,
767 282 853 328 qua
879 264 1130 327 processum
1158 262 1203 308 in
1230 261 1372 308 aciem

88 342 150 389 est
168 378 182 400 ‚
202 341 431 389 instruitur
448 339 538 403 ipsa
559 340 675 387 acies
697 338 752 385 ad
782 337 1013 384 libidinem
1036 336 1230 383 militum
1252 333 1373 381 forte

89 416 450 477 procurrentium
486 411 942 474 consistentiumque,
978 425 1070 473 quo
1105 409 1213 456 loco
1247 407 1372 470 ipso-

88 503 186 533 rum
212 477 373 533 tuliffet
398 486 569 532 animus
588 493 606 541 ‚'
625 482 785 530 deinde
813 499 892 545 per
915 482 1147 529 libidinem
1178 493 1251 527 aut
1275 497 1372 527 me-

86 571 181 606 tum
211 559 507 606 deserentium
534 558 702 604 locum.
732 556 876 619 prima
900 556 1020 619 legio
1041 558 1090 603 &
1114 554 1281 601 sinistra
1302 553 1372 601 ala

87 632 136 678 in
170 634 318 696 primo
349 633 568 679 instruetae
588 667 602 687 ,
637 632 686 677 &
722 630 768 675 in
803 626 1134 691 longitudinem
1165 627 1372 691 porrecta

87 705 219 752 acies.
264 703 555 751 clamantibus
586 701 774 748 tribunis
794 735 807 757 ‚
844 703 957 746 nihil
983 701 1183 760 introrsus
1215 702 1374 746 roboris

88 797 138 823 ac
168 780 323 824 virium
347 776 416 841 effe
435 811 447 831 ,
473 774 543 832 δ’,
572 791 810 836 quacunque
827 775 1018 833 impetum
1037 770 1197 836 feciffiet
1223 774 1372 839 hostis,

77 866 347 910 perrupturos
359 868 380 904 ;
412 847 552 906 nihil,
581 846 706 910 quod
734 844 918 891 salutare
952 844 1080 898 esset,
1112 861 1207 890 non
1227 845 1373 909 modo

89 920 145 966 ad
172 921 397 978 animum,
431 920 504 966 sed
533 936 587 966 ne
608 918 664 965 ad
696 933 822 964 aures
848 916 1029 980 quidem
1060 916 1386 964 admittebant(

88 995 146 1038 Et
166 993 419 1050 Hannibal,
454 993 795 1055 haudquaquam
826 989 978 1038 similis
1002 990 1126 1046 dux,
1149 1006 1293 1052 neque
1312 989 1372 1034 si-

89 1064 187 1110 mili
218 1064 445 1122 exercitu,
474 1080 617 1127 neque
646 1062 707 1109 ita
735 1060 949 1108 instructo
975 1061 1137 1107 aderat.
1173 1077 1281 1123 ergo
1313 1076 1376 1106 ne

91 1137 337 1182 clamorem
369 1136 550 1199 quidem
582 1146 714 1198 atque
742 1133 958 1196 impetum
990 1133 1187 1195 primum
1209 1149 1372 1179 eorum

90 1210 289 1256 Romani
329 1209 584 1256 sustinuere.
634 1210 746 1255 Dux
769 1243 783 1266 ,
820 1206 1001 1254 stultitia
1038 1208 1088 1254 ὃ(
1125 1205 1372 1253 temeritate

91 1285 319 1331 Centenio
352 1301 464 1347 par,
505 1283 658 1330 animo
694 1299 977 1346 nequaquam
1013 1282 1369 1345 comparandus,

91 1356 168 1402 ubi
194 1373 286 1402 rem
308 1346 649 1402 inclinatam²ac
670 1354 938 1417 trepidantes
957 1353 1059 1401 suos
1078 1353 1194 1401 vidit
1209 1391 1222 1413 ‚
1250 1370 1373 1417 equo

91 1444 272 1492 arrepto
304 1445 407 1476 cum
438 1428 639 1475 ducentis
666 1426 805 1473 ferme
831 1426 1056 1490 equitibus
1087 1425 1270 1490 effugit:
1300 1443 1374 1473 ce-

94 1514 186 1549 tera
219 1519 242 1549 a
271 1501 421 1549 fronte
447 1500 569 1564 pulsa
588 1536 601 1558 ‚
633 1517 658 1546 a
681 1511 809 1562 tergo
830 1511 961 1562 atque
985 1499 1064 1545 alis
1085 1499 1371 1546 circumven-

94 1585 137 1621 ta
170 1575 317 1633 acies,
356 1591 412 1620 eo
447 1573 586 1637 usque
621 1571 682 1619 est
716 1571 852 1630 caesa,
884 1583 933 1617 ut
971 1588 1028 1617 ex
1060 1571 1379 1634 duodeviginti—

93 1648 290 1696 millibus
318 1648 582 1705 hominum,
613 1647 705 1693 duo
735 1645 873 1692 millia
906 1645 1023 1692 haud
1049 1644 1237 1708 amplius
1266 1661 1382 1692 eva--

92 1724 241 1771 serint.
279 1724 428 1771 castris
452 1722 600 1769 hostes
625 1720 762 1784 potiti
797 1719 908 1766 sunt.

156 1799 301 1845 XXII.
329 1797 410 1843 Hae
430 1795 598 1851 clades,
618 1793 748 1857 super
773 1793 900 1840 aliam
929 1792 1040 1851 alia,
1057 1792 1250 1839 Romam
1270 1808 1381 1838 cum>

94 1870 231 1917 effent
260 1869 476 1917 nuntiatae
493 1904 506 1927 ,
533 1869 690 1932 ingens
715 1867 895 1931 quidem
923 1868 973 1913 &
999 1866 1140 1913 luctus
1159 1868 1208 1913 &
1228 1881 1384 1928 pavor·

95 1943 326 1990 civitatem
364 1942 497 2005 cepit.
544 1941 618 1988 fed
653 1953 801 1988 tamen
827 1976 840 1999 ‚
879 1941 983 2002 quia
1017 1938 1222 1986 consules
1246 1973 1260 1995 ‚
1295 1937 1383 1984 ubi<

94 2015 261 2063 fiunma
295 2030 442 2059 rerum
477 2013 608 2071 esset,
637 2014 693 2059 ad
728 2013 775 2059 id
802 2012 1012 2059 locorum
1037 2010 1252 2073 prospere
1279 2026 1383 2056 rem.

94 2096 327 2150 gererent,
349 2084 496 2131 minus
516 2084 585 2130 his
610 2084 808 2131 cladibus
838 2083 1260 2131 commovebantur.
1294 2084 1382 2128 Le-

93 2170 223 2223 gatos
255 2158 309 2204 ad
342 2157 543 2204 consules
574 2157 761 2204 mittunt
791 2158 845 2204 C.
875 2155 1149 2213 Laetorium,
1183 2156 1246 2201 M.
1278 2157 1379 2201 Me-

93 2231 237 2278 tilium
257 2266 270 2288 ,
301 2231 381 2294 qui
410 2231 694 2289 nuntiarent,
714 2241 765 2277 ut
790 2229 999 2293 reliquias
1030 2229 1223 2275 duorum
1250 2244 1383 2274 exerav

95 2303 267 2352 cituum
295 2320 394 2350 cum
428 2320 534 2350 cura
563 2302 826 2366 colligerent
850 2321 860 2349 :
893 2302 1136 2364 darentque
1167 2316 1347 2362 operam
1363 2342 1386 2365 „a

93 2393 152 2424 ne
185 2393 263 2438 per
294 2388 460 2422 metum
483 2393 533 2423 ac
554 2376 906 2440 desperationem
936 2375 1054 2422 hosti
1076 2374 1116 2420 se
1139 2375 1379 2429 dederent,

94 2449 176 2514 (iel
198 2449 322 2512 quod
348 2448 448 2512 post
467 2449 746 2499 Cannensem
765 2449 988 2498 accidisset
1021 2448 1221 2506 cladem)
1258 2448 1307 2494 δέ
1333 2458 1385 2493 ιη’.

717 2557 754 2574 ,χ
1016 2521 1057 2567 R
1095 2538 1117 2584 3
1303 2506 1314 2529 ²
