1628 2890
245 189 791 239 HISTORlARUM
839 190 962 236 LIB.
1002 187 1176 234 XXV.
1281 201 1368 251 235

84 313 183 345 rant
206 300 373 359 captivi.
402 301 549 358 quippe
568 300 657 342 illis
688 315 805 342 arma
833 311 997 342 tantum
1025 310 1145 356 atque
1168 297 1269 341 ordo
1292 296 1373 340 mi-

84 375 241 418 litandi
257 408 270 429 ,
291 373 478 433 locusque
494 408 507 430 ‚
529 376 576 418 in
597 392 675 434 quo
694 375 901 417 tenderent
917 373 963 415 in
981 372 1120 436 castris
1136 403 1150 427 ‚
1170 371 1222 437 est
1237 384 1375 414 muta-2

84 462 152 492 tus
173 465 189 493 .·
207 464 292 507 quce
312 462 449 493 tamen
466 482 478 504 ‚
484 448 617 508 semel
635 462 795 493 navata
815 447 1038 505 reipublicae
1058 462 1178 505 opera
1193 479 1210 501 ,
1230 440 1274 489 δ’
1292 460 1377 488 uno

75 519 197 579 filici
215 524 390 581 proelio,
427 537 725 582 recuperarunt.
772 522 908 566 Nemo
939 537 1074 564 eorum
1109 521 1304 580 relegatus
1331 519 1378 566 in

86 594 278 657 exfilium
307 597 359 660 est
376 614 392 642 .·
411 599 570 642 nemini
587 597 688 657 spes
715 598 914 641 emerendi
932 596 1147 661 stipendia
1176 595 1342 638 ademta
1359 608 1379 637 ,³

87 669 211 728 hostis
238 671 409 729 denique
426 670 478 734 est
493 672 640 726 datus,
659 687 748 714 cum
765 687 844 729 quo
864 671 1108 713 dimicantes
1124 701 1137 723 ,
1158 682 1233 711 aut
1247 668 1380 712 vitam

75 742 210 801 fimel
223 776 232 789 ,
252 757 327 785 aut
344 743 623 802 ignominiam
636 741 823 798 finirent.
846 742 960 797 Nos,
977 741 1125 799 quibus
1146 737 1257 802 (nisi
1272 737 1384 797 quod

90 815 368 879 commisimus
382 851 395 873 ‚
426 831 472 862 ut
493 816 708 876 quisquam
727 833 781 860 ex
807 814 1016 878 Cannensi
1033 816 1117 858 acie
1141 815 1258 859 miles
1287 813 1382 856 Ro-

90 906 243 935 manus
254 887 501 952 superfft)
529 890 642 934 nihil
656 887 788 946 objici
798 887 955 953 potest,
976 905 1062 932 non
1079 886 1224 946 solum
1254 904 1279 929 a
1299 902 1385 944 pa-

91 966 173 1009 tria
182 967 333 1023 procul
345 965 572 1024 Italiaque,
579 963 663 1022 sed
674 964 727 1008 ab
744 963 850 1027 hoste
869 962 1016 1016 etiam,
1035 961 1199 1020 relegati
1202 959 1385 1018 sumus:

88 1036 162 1081 ubi
170 1035 438 1097 senescamus
457 1039 503 1082 in
528 1034 674 1100 exsilio
689 1069 703 1093 ‚
733 1054 782 1080 ne
800 1052 881 1095 qua
901 1049 996 1093 opes
1011 1066 1025 1088 ‚
1054 1049 1103 1076 ne
1125 1049 1205 1091 qua
1224 1029 1382 1093 occasio

91 1110 301 1154 abolenda
334 1111 597 1170 ignominiae,
616 1126 665 1153 ne
684 1125 764 1168 qua
785 1108 1010 1167 placanda
1041 1106 1195 1150 civium
1216 1106 1284 1148 irae
1301 1137 1314 1159 ,
1334 1120 1385 1148 ne

92 1198 175 1239 qua
194 1182 364 1241 denique
384 1183 479 1226 bene
495 1182 700 1226 moriendi
705 1179 780 1244 sit.
811 1181 951 1239 Neque
968 1178 1208 1238 ignominiae
1220 1175 1351 1233 finem
1370 1209 1386 1231 ,

93 1271 164 1298 nec
182 1256 349 1299 virtutis
360 1254 580 1315 praemium
595 1255 778 1314 petimus
786 1271 806 1307 ;
833 1254 956 1297 modo
974 1251 1151 1311 experiri
1169 1251 1386 1303 animum,

93 1325 139 1373 G·
167 1331 356 1373 virtutem
383 1346 558 1374 exercere
589 1331 722 1373 liceat.
748 1329 925 1372 laborem
957 1322 1000 1370 G*
1025 1326 1253 1385 periculum
1278 1326 1387 1383 peti-

96 1418 188 1446 mus
201 1435 214 1455 ‚
235 1416 280 1445 ut
298 1403 479 1446 virorum
495 1437 509 1458 ,
530 1417 576 1447 ut
593 1404 775 1447 militum
795 1401 928 1463 officio
936 1398 1187 1460 fiingamur.
1221 1399 1388 1441 Bellum

96 1476 143 1522 in
162 1476 312 1519 Sicilia
320 1473 421 1531 jam
440 1478 612 1520 alterum
635 1491 796 1519 annum
816 1474 975 1532 ingenti
993 1472 1260 1516 dimicatione
1283 1472 1391 1530 geri-

97 1562 166 1595 tur
180 1564 195 1592 :
215 1549 331 1592 urbes
351 1547 462 1592 alias
484 1548 667 1602 Poenus,
685 1548 797 1591 alias
815 1546 1039 1589 Romanus
1059 1557 1275 1603 expugnat
1292 1559 1306 1589 .·
1323 1560 1393 1602 po²

98 1623 235 1668 ditum
259 1617 302 1665 δ’
321 1622 498 1680 equitum
519 1622 626 1664 acies
646 1632 894 1664 concurrunt
907 1634 923 1662 .·
948 1618 1008 1661 ad
1033 1616 1269 1676 Syracusas
1288 1631 1393 1661 terra

99 1696 281 1754 marique
297 1711 358 1739 res
383 1697 539 1755 geritur
549 1708 566 1735 .·
589 1698 805 1739 clamorem
816 1691 1102 1752 pugnantium
1120 1689 1393 1749 crepitumque

100 1786 310 1814 armorum
329 1770 582 1813 exaudimus
600 1767 744 1831 resides
760 1765 842 1830 ipsi
856 1783 906 1810 ac
911 1765 1084 1825 segnes,
1102 1779 1303 1822 tanquam
1321 1778 1396 1805 nec

101 1858 283 1896 manus,
301 1859 372 1886 nec
400 1859 518 1887 arma
549 1842 789 1886 habeamus.
819 1843 1039 1885 Servorum
1071 1837 1303 1898 legionibus
1325 1837 1394 1881 Ti.

101 1916 373 1974 Sempronius
394 1915 540 1975 consul
567 1917 686 1959 toties
703 1912 801 1969 jam
829 1929 920 1971 cum
946 1910 1051 1974 hoste
1056 1909 1199 1973 signis
1227 1909 1394 1953 collatis

95 1988 317 2052 pugnavit.
348 1988 489 2045 Operae
511 1987 690 2045 pretium
719 1985 894 2040 habent,
915 1984 1140 2028 libertatem
1159 1981 1395 2024 civitatem-

104 2075 192 2117 que.
222 2059 308 2102 Pro
317 2057 454 2118 servis
463 2058 616 2117 saltem
635 2059 696 2102 ad
720 2058 794 2102 hoc
810 2057 957 2100 bellum
976 2056 1095 2098 emtis
1115 2054 1232 2098 vobis
1239 2052 1396 2116 simus.

106 2133 297 2192 congredi
315 2149 407 2177 cum
424 2133 528 2199 lzoste
554 2134 697 2188 liceat,
726 2128 1012 2190 &pugnando
1032 2143 1198 2187 quaerere
1224 2128 1397 2172 liberta·

108 2219 200 2250 tem.
224 2205 305 2248 Vis
325 2220 369 2250 tu
386 2207 520 2261 mari,
541 2207 606 2250 vis
625 2221 748 2259 terra,
773 2205 838 2249 vis
860 2204 969 2258 acie,
990 2203 1056 2246 vis
1075 2199 1246 2245 urbibus
1265 2216 1397 2260 oppu-

105 2281 293 2340 gnandis
312 2281 486 2338 experiri
511 2281 735 2325 virtutem?
760 2279 985 2340 asperrima
1010 2293 1172 2338 quaeque
1198 2277 1258 2320 ad
1279 2276 1400 2320 labo-

108 2368 189 2395 rem
200 2352 505 2411 periculumque
528 2350 784 2411 deposcimus
798 2386 812 2409 ‚
839 2365 910 2407 ut,
931 2351 1044 2409 quod
1057 2350 1118 2393 ad
1136 2350 1307 2393 Cannas
1313 2346 1400 2404 fiz-

109 2423 311 2470 ciundum
331 2423 425 2480 ficit
438 2457 452 2479 ‚
476 2426 780 2484 quamprimum
803 2423 888 2481 fiat
898 2441 917 2477 ;
944 2423 1142 2481 quoniam
1157 2454 1171 2477 ,
1194 2419 1403 2480 quidquid

104 2496 243 2562 postea
269 2497 488 2555 viximus,
520 2499 568 2543 id
594 2515 712 2544 omne
740 2497 984 2563 destinatum
1015 2494 1254 2556 ignominia
1271 2493 1336 2559 est.
