1628 2890
287 144 817 193 HisToaiARUM
861 147 988 195 ΜΒ.
1021 148 1255 197 xxvii.
1322 164 1417 216 457

144 248 251 298 niffe
275 268 331 298 ex
353 251 522 314 proelio
538 289 551 311 ‚
570 254 824 302 nuntiantes
843 254 980 303 caesos
1001 255 1162 304 hostes.
1192 259 1248 303 Et
1268 257 1418 320 primo

140 331 278 395 magis
301 331 482 379 auribus
497 369 512 390 ‚
539 350 670 397 quam
691 333 847 381 animis
863 370 876 393 ‚
913 334 959 381 id
978 347 1210 398 acceptum
1230 348 1348 395 erat,
1369 347 1419 384 ut

142 408 280 469 majus
311 409 567 474 laetiusque,
607 429 739 475 quam
778 413 903 475 quod
938 426 1087 462 mente
1125 432 1309 479 capere,
1344 426 1420 462 aut

143 480 454 532 satiscredere
485 488 687 548 poss'ent:
728 490 778 536 δε
814 490 904 552 ipsa
937 491 1137 538 celeritas
1170 491 1303 538 fidem
1334 491 1420 538 im-

141 561 368 622 pediebat,
386 565 513 626 quod
532 564 672 612 biduo
693 578 793 612 ante
814 580 1059 630 pugnatum
1081 568 1322 615 dicebatur.
1348 567 1419 614 Li·-

142 649 248 685 terae
275 641 433 688 deinde
460 643 514 689 ab
536 645 584 690 L.
606 643 781 691 Manlio
808 645 1001 692 Acidino
1029 646 1163 691 miffae
1192 662 1248 693 ex
1268 645 1421 693 castris

141 718 385 768 afferuntur
405 721 457 768 de
477 722 792 769 Narniensium
813 723 1012 785 equitum
1041 724 1252 771 adventu.
1276 727 1349 770 Eae
1368 723 1420 770 li·

139 808 246 844 terae
264 834 277 857 ,
309 818 388 862 per
416 800 566 848 forum
597 802 652 848 ad
677 802 869 849 tribunal
897 804 1102 866 praetoris
1129 804 1228 851 latae
1247 840 1261 864 ,
1292 803 1419 850 sena-

140 886 236 922 tum
264 879 386 925 curia
411 881 712 928 exciverunt:
741 892 957 945 tantoque
991 881 1234 929 certamine
1264 900 1314 930 ac
1345 894 1421 930 tu-

139 955 284 1002 multu
313 957 471 1020 populi
493 958 548 1005 ad
568 957 686 1006 fores
707 958 839 1006 curiae
864 959 1132 1007 concursum
1156 960 1236 1017 est,
1255 974 1307 1006 ut
1322 959 1420 1007 adi-

137 1049 187 1080 re
211 1035 391 1082 nuntius
415 1052 510 1082 non
537 1036 702 1098 posset,
732 1036 1070 1100 trahereturque
1095 1054 1121 1084 a
1145 1049 1420 1100 percontan-

140 1115 259 1161 tibus
290 1115 755 1179 vociferantibusque‚
787 1116 901 1162 utin
919 1117 1090 1163 Rostris
1115 1117 1265 1180 prius,
1283 1135 1420 1181 quam

138 1196 187 1243 in
214 1195 392 1255 senatu,
420 1197 558 1244 literae
595 1196 896 1244 recitarentur.
930 1197 1108 1244 tandem
1139 1197 1333 1245 submoti
1367 1200 1420 1246 &

136 1276 328 1323 coerciti
350 1292 373 1322 a
393 1277 739 1340 magistratibus:
769 1276 1097 1340 dispensarique
1116 1275 1268 1324 laetitia
1298 1275 1418 1325 inter

137 1355 409 1418 impotentes
437 1353 531 1416 ejus
555 1355 728 1402 animos
749 1356 911 1418 potuit.
945 1358 994 1402 In
1022 1355 1171 1402 senatu
1199 1357 1417 1419 primum,

138 1431 299 1479 deinde
319 1431 367 1477 in
392 1431 646 1490 concione,
677 1431 816 1477 literae
840 1431 1036 1478 recitatae
1068 1431 1194 1486 sunt;
1227 1434 1277 1479 δε
1295 1467 1309 1491 ,
1328 1450 1419 1495 pro

136 1509 349 1571 cujusque
375 1507 559 1570 ingenio
575 1543 586 1565 ‚
621 1507 715 1553 aliis
739 1506 828 1569 jam
852 1520 1024 1554 certum
1049 1507 1258 1571 gaudium
1276 1544 1290 1566 ‚
1316 1508 1416 1556 aliis

136 1585 262 1633 nulla
292 1596 392 1632 ante
420 1585 566 1631 futura
591 1583 698 1633 fides
724 1597 817 1632 erat
833 1621 850 1643 ‚
885 1602 1016 1649 quam
1049 1585 1219 1651 legatos
1246 1586 1413 1635 consu-

134 1665 289 1712 lumve
314 1665 460 1711 literas
485 1664 712 1711 audiffent.

202 1744 272 1790 LI.
309 1742 431 1805 Ipsos
464 1742 623 1788 deinde
654 1741 1015 1806 appropinquare
1041 1743 1207 1808 legatos
1229 1744 1413 1791 allatum

134 1822 212 1870 est.
246 1821 601 1881 tumxenimvero
626 1823 775 1868 omnis
801 1834 900 1869 aetas
930 1840 1105 1870 currere
1125 1823 1284 1881 obvii,
1319 1822 1414 1884 pri-

135 1917 237 1948 mus
255 1900 438 1964 quisque
461 1899 605 1946 oculis
635 1900 900 1963 auribusque
920 1899 1092 1946 haurire
1111 1912 1282 1946 tantum
1303 1916 1413 1961 gau-

135 1979 260 2026 dium
292 1977 534 2041 cupientes.
582 1978 638 2024 ad
665 1978 891 2025 Mulvium
920 1978 1057 2041 usque
1084 1990 1270 2040 pontem
1301 1994 1414 2025 con-

133 2057 282 2104 tinens
307 2072 464 2119 agmen
496 2055 714 2118 pervenit.
748 2056 898 2120 Legati
931 2055 1090 2121 (erant
1122 2058 1170 2102 L.
1196 2056 1412 2102 Veturius

135 2132 269 2180 Philo
287 2168 307 2191 ,¹
333 2133 382 2180 P.
407 2132 604 2179 Licinius
633 2135 802 2191 Varus,
838 2135 899 2193 Q.
924 2132 1133 2179 Caecilius
1166 2131 1410 2195 Metellus)

134 2210 392 2260 circumfusi
426 2210 574 2257 omnis
610 2211 781 2274 generis
812 2210 1046 2257 hominum
1083 2209 1327 2273 frequentia
1363 2211 1411 2258 in

134 2292 288 2340 forum
316 2303 647 2356 pervenerunt3
683 2309 785 2339 cum
815 2292 891 2338 alii
925 2291 1078 2354 ipsos,
1110 2291 1186 2339 alii
1221 2292 1411 2339 comites

134 2387 326 2429 eorum,
361 2388 461 2435 quae
497 2371 590 2418 acta
626 2371 790 2426 essent,
824 2381 1227 2433 percontarentur:
1271 2371 1320 2416 &
1361 2381 1410 2415 ut

133 2449 319 2515 quisque
347 2451 567 2511 audierat,
586 2451 830 2499 exercitum
852 2449 1046 2497 hostium
1066 2449 1410 2513 imperatorem-
