1628 2890
225 166 315 197 202
585 147 1207 210 TITILIVII⁴

222 260 380 325 (lovis
406 259 449 305 id
469 257 684 320 templum
703 257 794 320 est)
818 257 939 303 mille
960 258 1010 304 &
1028 256 1285 322 quingentis
1305 256 1500 321 pastibus

221 336 276 382 ab
293 333 402 380 urbe
425 331 563 380 castra
584 331 745 395 posuit,
770 332 874 378 Inde
895 347 1080 394 quoque
1102 331 1269 396 legatos
1291 330 1503 394 praemitti

220 405 417 470 placuit:
439 404 600 469 quibus
616 440 629 463 ‚
649 421 704 451 ne
727 405 947 451 intrarent
962 404 1119 450 urbem
1134 441 1148 465 ‚
1168 418 1293 452 extra
1321 416 1501 468 portam

220 479 522 542 Hippocrates
545 489 675 540 atque
694 477 919 541 Epicydes
948 477 1136 523 obviam
1157 495 1258 525 cum
1281 478 1369 524 suis
1388 493 1504 540 pro-

220 552 452 598 cesserunt.
478 552 711 597 Romanus
736 561 894 596 orator
916 569 1002 596 non
1022 553 1170 596 bellum
1190 551 1242 610 se
1267 550 1503 611 Syracusa«

219 630 288 672 nis
304 663 315 682 ,
325 628 409 688 sed
435 645 548 686 opem
568 627 854 684 auxiliumque
876 621 1040 687 afferre,
1060 622 1145 682 ait,
1168 622 1210 671 ὃ*
1231 625 1314 680 eis,
1338 627 1428 684 qui,
1449 642 1504 668 ex

220 703 358 747 media
378 702 480 746 ccede
510 698 658 763 elapsi,
672 697 928 759 perfugerint
950 698 1091 758 adse,
1114 695 1156 743 ὃ·
1178 699 1256 754 eis,
1274 700 1343 757 qui
1358 731 1371 753 ,
1395 712 1509 741 metu}

222 773 394 839 oppreffi
407 808 420 828 ,
428 771 649 830 foediorem
666 805 680 827 ‚
697 789 782 815 non
802 770 947 833 exfilio
965 770 1109 830 solum
1123 770 1227 830 ‚fid
1251 772 1371 814 eciam
1392 787 1504 814 mor-

222 864 282 905 ce,
305 849 538 906 servitutem
557 847 789 905 patiantur.
820 847 906 889 Nec
937 846 1080 889 caedem
1113 841 1339 901 nefhtndarn
1355 843 1504 903 socio-

221 940 309 967 rum
332 923 509 965 inultam
544 920 760 964 Romanos
781 916 990 980 paffizr05.
1020 916 1217 981 Itaquesi
1238 917 1320 972 eis,
1351 920 1420 976 qui
1446 916 1508 960 ad

208 997 260 1056 se
269 994 536 1055 perfugerant
551 1028 565 1049 ‚
595 1007 709 1038 tutus
736 994 780 1037 in
793 994 982 1052 patriam
1015 992 1170 1037 reditus
1183 1006 1362 1051 pateret,
1382 990 1505 1035 caedis

221 1065 399 1114 achores
426 1066 648 1119 dedantur,
674 1061 716 1109 ὃ·
746 1065 911 1109 libertas
929 1063 1104 1123 legesque
1132 1065 1164 1105 S
1157 1063 1415 1123 yracusnnz's
1439 1080 1504 1108 re-

208 1137 465 1203 stituantur,
492 1136 605 1180 nihil
625 1137 755 1179 armis
773 1152 876 1194 opus
904 1132 990 1196 effe.
1012 1134 1062 1196 si
1078 1153 1123 1179 ea
1143 1153 1229 1179 non
1251 1137 1364 1193 fiant
1376 1170 1390 1190 ,
1411 1135 1506 1194 qui-

221 1227 373 1269 cunque
391 1209 436 1253 in
449 1206 635 1270 morastt
647 1241 659 1262 ,
675 1207 776 1252 bello
790 1207 1079 1267 persecuturos.
1099 1205 1169 1251 Ad
1188 1222 1239 1252 ea
1255 1205 1506 1268 Epicydes,

222 1285 273 1328 Si
297 1299 377 1341 qua
397 1281 514 1340 adse
534 1281 738 1324 mandata
757 1280 972 1336 haberent,
994 1279 1226 1340 responsum
1251 1281 1334 1336 eis,
1355 1277 1415 1324 ait
1429 1312 1442 1336 ‚
1455 1277 1507 1337 fit

223 1359 394 1401 daturos
402 1351 528 1416 fuzſje}
547 1370 563 1397 .·
591 1370 682 1398 cum
702 1354 746 1397 in
765 1370 901 1397 eorum
914 1387 930 1407 ,
953 1353 1012 1397 ad
1029 1369 1130 1412 quos
1147 1353 1356 1408 venerint,
1377 1367 1507 1396 manle

224 1446 284 1474 res
315 1427 582 1488 Syracusana
609 1424 722 1489 effic,
743 1442 831 1471 tum
855 1441 1148 1472 reverterentur.
1176 1427 1228 1471 Si
1255 1428 1357 1471 bello
1377 1424 1509 1485 laces:-

212 1503 321 1563 fiznt
334 1536 350 1557 ,
371 1501 463 1560 ‘'Pfil
484 1517 522 1563 re
553 1498 848 1556 intelleHuros‚
866 1516 1123 1559 nequaquam
1143 1501 1250 1544 idem
1274 1497 1348 1562 effe
1369 1501 1508 1558 Syra-
1563 1561 1566 1564 ἢ

223 1575 346 1635 cusas
383 1591 431 1618 ae
469 1574 693 1618 Leontinos
731 1589 977 1633 oppugnare.
1020 1572 1079 1616 Ita
1116 1570 1270 1634 legatis
1314 1569 1475 1616 reliffis
1489 1604 1506 1628 ,

221 1657 376 1710 portas
397 1643 562 1692 claufit.
590 1644 696 1690 Inde
715 1658 832 1691 terra
860 1644 1064 1707 marique
1089 1643 1218 1690 fimul
1236 1655 1398 1706 coeptae
1419 1660 1510 1706 op-

223 1717 413 1782 pugnari
455 1715 684 1781 Syracusae
710 1734 720 1763 :
755 1729 874 1764 terra
906 1716 961 1763 ab
1000 1716 1241 1780 Hexapylo
1258 1752 1271 1775 ‚
1300 1716 1409 1762 mari
1450 1716 1512 1763 ab

224 1790 514 1847 Achradina,
547 1787 675 1849 cujus
700 1784 855 1836 inurus
886 1788 1025 1836 fluctu
1056 1788 1248 1836 alluitur.
1282 1789 1354 1847 δε,
1373 1787 1505 1851 quia,

223 1865 338 1911 ficut
365 1861 617 1908 Leontinos
637 1873 811 1908 terrore
829 1878 880 1908 ac
909 1861 1057 1923 primo
1078 1861 1249 1923 impetu
1269 1871 1475 1924 ceperant
1489 1895 1507 1919 ‚

223 1955 321 1985 non
340 1936 624 1993 diffidebant,
647 1935 817 1982 vastam
845 1935 1158 1999 disje&amq11e
1180 1935 1322 1999 spatio
1349 1936 1507 1982 urbem

225 2023 351 2075 parte
381 2009 529 2073 aliqua
562 2008 603 2055 se
625 2008 885 2068 invasuros,
913 2026 1095 2056 onmem
1129 2021 1388 2072 apparatum
1418 2026 1507 2072 op-

224 2085 561 2148 pugnandarum
586 2083 764 2130 urbium
791 2084 928 2131 muris
948 2085 1265 2132 admoverunt.

292 2158 516 2204 XXXtV.
550 2159 606 2203 Et
640 2155 856 2204 habuisset
890 2169 1020 2204 tanto
1049 2157 1219 2220 impetu
1254 2167 1402 2220 coepta
1436 2172 1506 2204 res

226 2228 456 2277 fortunam
476 2266 489 2288 ‚
523 2230 602 2276 nisi
644 2247 762 2278 unus
803 2231 947 2277 homo
978 2230 1207 2294 Syracusis
1252 2247 1302 2276 ea
1331 2242 1508 2292 tempe-

226 2302 336 2347 state
366 2300 523 2347 fuifl'et.
552 2301 838 2348 Archimedes
872 2301 908 2346 is
945 2311 1062 2358 erat,
1094 2300 1253 2347 unicus
1288 2299 1508 2362 spectator

229 2373 339 2420 coeli
380 2372 689 2435 siderumque3
726 2372 977 2419 mirabilior
1017 2384 1168 2419 tamen
1203 2372 1421 2419 inventor
1453 2386 1507 2419 ac

227 2444 510 2493 machinator
536 2445 806 2497 bellicorum
836 2458 1167 2495 tormentorum
1198 2459 1478 2510 operumque
1489 2471 1512 2505 ,ς
