1628 2890
234 154 717 239 HISTORIAM)
678 188 788 235 ΠΜ
834 187 959 233 LIB.
996 185 1167 232 XXV.
1267 200 1359 247 237

77 301 242 359 tubali,
265 300 345 349 &'
335 318 382 347 in
404 298 655 362 suspicione
685 295 905 344 Romanis
925 295 1053 354 effer,
1083 293 1212 342 causa
1243 294 1363 342 forte

76 373 346 421 extrinsecus
365 373 642 419 maturandae
670 370 764 433 ejus
784 369 1044 416 intervenit.
1079 368 1250 416 Phileas
1269 370 1364 418 Ta-

74 448 298 505 rentinus,
318 445 393 492 diu
411 444 500 507 jam
518 461 596 508 per
616 443 808 506 speciem
823 441 1059 506 legationis
1077 441 1239 487 Romae
1260 437 1362 490 cum

72 518 303 581 esset2vir
336 517 526 581 inquieti
562 516 729 573 animi,
758 516 810 562 &
839 513 1025 560 minime
1061 512 1233 572 otium,
1266 531 1362 577 quo

75 604 172 639 tum
194 590 371 639 diutino
401 590 622 638 senescere
650 589 888 637 videbatur
902 624 916 647 ,
937 585 1172 651 patientis,
1191 586 1364 635 aditum

74 664 158 712 fibi
181 665 236 711 ad
256 663 432 712 obfides
452 662 727 710 Tarentinos
754 660 945 709 invenit.
981 657 1365 708 Custodiebantur

75 737 124 783 in
146 738 260 785 atrio
291 737 526 785 Libertatis
547 735 726 783 minore
747 751 852 782 cura
866 769 881 793 ,
906 732 1013 798 quia
1029 749 1112 779 nec
1132 732 1259 795 ipsis,
1279 751 1365 782 nec

60 810 256 858 ,civitati
289 827 447 858 eorum
482 809 635 856 fallere
664 809 902 854 Romanos
931 805 1208 868 expediebat.
1238 807 1365 868 Hos,

78 882 246 930 crebris
292 879 535 945 colloquiis
579 878 844 926 sollicitatos
860 912 875 936 ,
915 876 1144 939 corruptis
1189 878 1367 926 aedituis

80 957 291 1015 duobus,
326 972 427 1003 cum
447 952 619 1017 primis
654 949 851 999 tenebris
886 949 1088 998 custodia
1125 951 1368 1011 eduxisset,

80 1029 173 1093 ipse
207 1044 361 1078 comes
397 1026 569 1075 occulti
604 1023 776 1072 itineris
808 1023 947 1071 fafitus
985 1022 1207 1088 profugit.
1250 1027 1370 1074 Luce

78 1102 225 1166 prima
260 1100 444 1165 vulgata
474 1114 554 1163 per
584 1098 740 1145 urbem
773 1095 875 1160 fuga
907 1094 999 1142 est:
1022 1091 1259 1160 mistique,
1291 1097 1372 1162 qui

82 1175 401 1240 sequerentur,
420 1173 474 1220 ab
490 1170 732 1220 Tarracina
753 1168 1103 1232 comprehensos
1122 1185 1280 1218 omnes
1298 1188 1373 1219 re-

81 1257 331 1294 traxerunt.
378 1244 552 1292 deduffi
581 1243 628 1290 in
661 1242 882 1301 comitio,
917 1242 1171 1307 virgisque,
1201 1262 1372 1309 appro-

82 1320 216 1367 bante
240 1318 416 1382 populo
434 1354 448 1377 ,
473 1316 570 1365 caefi
596 1315 650 1362 de
672 1314 782 1362 saxo
803 1314 1089 1378 dejiciuntur.

148 1395 266 1440 VIII.
297 1391 443 1438 Huius
463 1388 672 1436 atrocitas
699 1405 852 1452 poenae
871 1388 1060 1436 duarum
1079 1389 1373 1438 nobiliffima-

39 1479 42 1482 ’
84 1484 186 1514 rum
219 1466 266 1512 in
298 1464 421 1512 Italia
453 1465 714 1510 Graecarum
742 1461 978 1509 civitatum
1014 1462 1189 1510 animos
1223 1463 1375 1512 irrita-

84 1544 155 1591 vit
169 1579 182 1600 ,
205 1558 307 1590 curn
326 1539 506 1604 publice
523 1574 537 1597 ,
555 1550 648 1584 tum
677 1536 809 1584 etiam
843 1535 1042 1601 singulos
1068 1538 1274 1601 privatim
1288 1576 1302 1599 ,
1324 1552 1376 1587 ut

85 1615 272 1679 quisque
307 1625 398 1661 tam
431 1611 555 1658 foede
589 1610 853 1656 interemtos
886 1621 964 1656 aut
1001 1610 1376 1675 propinquitate,

87 1701 166 1736 aut
182 1686 378 1735 amicitia
406 1684 711 1748 contingebat.
732 1685 800 1729 Ex
817 1683 871 1729 iis
890 1683 1106 1731 tredecim
1125 1683 1217 1732 fere
1239 1685 1380 1732 nobi-

86 1761 151 1808 les
170 1760 358 1823 juvenes
375 1757 611 1805 Tarentini
631 1756 1016 1820 conjuraverunt,
1036 1773 1235 1820 quorum
1252 1757 1378 1821 prin-

89 1837 212 1899 cipes
241 1835 363 1882 Nico
393 1836 443 1882 &
468 1833 754 1880 Philemenus
783 1843 927 1896 erant2
978 1831 1037 1879 Hi
1065 1831 1214 1895 prius,
1240 1850 1378 1896 quam

90 1909 261 1992 aliquid
293 1918 568 1964 moverent,
596 1905 951 1970 colloquendum
987 1923 1088 1953 cum
1125 1907 1378 1953 Hannibale

90 1983 197 2042 rati,
219 1983 350 2029 ηοξὶε·
372 1997 450 2044 per
477 1979 669 2043 speciem
700 1979 899 2027 venandi
926 1979 1084 2027 urbem
1116 1980 1299 2042 egreffi,
1324 1979 1379 2026 ad

91 2072 193 2101 eum
227 2052 585 2131 proficiscuntur.
620 2053 700 2110 δε,
735 2067 837 2098 cum
870 2052 987 2098 haud
1031 2052 1196 2115 procul
1231 2052 1378 2100 castris

93 2128 308 2185 abessent,
328 2109 466 2174 ceteri
488 2126 596 2173 filva
622 2141 766 2188 prope
784 2125 903 2173 viam
931 2125 1019 2173 sese
1046 2126 1380 2177 occuluerunt:

95 2201 217 2248 Nico
237 2203 286 2248 &
304 2199 611 2254 Philemenus,
628 2198 842 2261 progreffi
861 2198 917 2244 ad
934 2198 1147 2245 stationes
1167 2215 1381 2262 compre»

94 2273 330 2337 henfique,
348 2272 469 2318 ultro
491 2271 537 2317 id
556 2282 757 2334 petentes
773 2307 787 2328 ‚
814 2271 869 2317 ad
886 2271 1184 2329 Hannibalem
1205 2272 1383 2320 deduffi

96 2345 209 2393 sunt.
239 2345 334 2406 Qui
356 2361 457 2391 cum
486 2346 536 2391 &
564 2343 714 2391 causas
741 2344 915 2391 consilii
936 2343 999 2391 sui
1017 2380 1030 2400 ‚
1053 2347 1101 2391 δε
1126 2344 1236 2408 quid
1253 2360 1381 2408 para-

98 2430 225 2475 rent,
248 2417 574 2480 exposuiffent3
599 2416 865 2477 collaudati,
893 2418 1158 2481 oneratique
1187 2415 1381 2481 promis·-

97 2493 179 2552 sis,
199 2491 432 2553 jubentur,
461 2490 662 2538 utfidem
686 2490 982 2554 popularibus
1012 2489 1233 2551 facerent,
1264 2506 1381 2553 prae-
