1628 2890
176 127 262 176 118
521 125 1083 175 TITILIVII

173 245 445 283 crearentur.
476 235 697 280 Praetores
732 233 833 280 inde
857 235 1024 294 creati,
1053 238 1116 282 M.
1136 233 1338 282 Valerius
1357 237 1461 282 Lae2

171 308 308 355 vinus
325 344 337 364 ‚
360 310 444 369 Ap.
467 306 685 354 Claudius
713 306 931 361 Pulcher,
957 309 1019 368 Q.
1041 308 1224 356 Fulvius
1243 308 1425 356 Flaccus
1440 344 1458 367 ,

172 383 236 440 Q.
275 379 453 426 Mucius
486 379 706 428 Scaevola.
740 380 981 438 Dictator,
1013 381 1170 427 creatis
1193 381 1459 446 magistrati-

170 452 254 498 bus
270 488 283 510 ,
303 453 509 498 Teanum
532 451 578 498 in
602 451 789 499 hiberna
818 453 872 499 ad
893 453 1142 500 exercitum
1173 454 1304 501 rediit
1318 490 1331 513 ‚
1349 454 1476 500 reli--

169 525 243 570 &o
266 524 476 587 magistro
497 524 698 588 equitum
719 527 880 573 Romae
897 543 907 571 :
926 527 1023 591 qui,
1044 545 1144 574 cum
1166 526 1266 589 post
1285 544 1459 590 paucos

172 597 265 643 dies
283 598 587 661 magistratum
613 599 806 646 initurus
824 600 952 658 esset,
979 602 1032 646 de
1055 600 1325 647 exercitibus
1346 600 1458 647 scri-

171 670 329 718 bendis
359 672 757 736 comparandisque
791 672 837 719 in
869 691 1036 720 aunum
1068 675 1217 720 Patres
1247 673 1459 720 consule-

172 754 257 790 ret.
296 743 414 789 Cum
447 760 510 790 eae
542 761 610 791 res
640 744 834 791 maxime
863 756 1127 809 agerentur,
1160 761 1286 792 nova
1312 743 1460 792 clades

172 815 401 874 nuntiata,
425 817 556 863 aliam
584 817 713 880 super
740 817 870 864 aliam
898 818 1151 865 cumulante
1171 817 1216 864 in
1247 834 1350 864 eum
1378 834 1462 863 an-

173 904 280 934 num
300 887 508 943 fortuna;
526 891 574 936 L.
589 889 866 936 Postumium
879 926 892 948 ,
910 889 1140 936 consulem
1161 889 1461 952 designatum,

173 960 223 1007 in
244 960 391 1007 Gallia
413 960 554 1024 ipsum
575 974 706 1024 atque
731 963 978 1010 exercitum
1002 962 1187 1011 deletos.
1221 962 1345 1009 Silva
1367 974 1462 1009 erat

174 1036 326 1095 vasta,
361 1036 593 1098 (Litanam
628 1035 749 1082 Galli
784 1034 1051 1098 vocabant)
1086 1053 1172 1100 qua
1211 1035 1462 1083 exercitum

175 1109 453 1158 traducturus
483 1125 590 1157 erat.
635 1109 728 1172 ejus
759 1108 882 1155 silvae
919 1108 1074 1169 dextra
1107 1108 1310 1171 laevaque
1344 1109 1465 1156 circa

177 1184 301 1232 viam
326 1185 447 1231 Galli
475 1185 657 1232 arbores
685 1185 744 1231 ita
775 1182 1048 1240 inciderant,
1068 1195 1119 1230 ut
1149 1182 1350 1230 immotae
1379 1182 1460 1229 sta-

175 1272 304 1318 rent,
324 1274 559 1308 momento
591 1262 683 1309 levi
711 1261 908 1325 impulsae
932 1260 1208 1308 occiderent.
1241 1259 1462 1330 Legiones

175 1333 285 1380 duas
315 1334 540 1382 Romanas
577 1335 767 1382 habebat
799 1333 1078 1391 Postumius,
1108 1331 1374 1396 sociumque
1406 1331 1464 1378 ab

178 1407 340 1470 supero
361 1408 470 1455 mari
494 1420 673 1455 ‘tantum'
696 1407 1040 1471 conscripierat,
1059 1418 1109 1453 ut
1140 1404 1306 1469 viginti
1326 1405 1465 1469 quin-

175 1497 266 1541 que
293 1481 433 1527 millia
463 1494 738 1529 armatorum
766 1481 813 1527 in
847 1497 977 1545 agros
1002 1479 1195 1526 hostium
1193 1449 1466 1526 (induxerit.

179 1553 302 1599 Galli
337 1570 462 1600 oram
498 1566 709 1600 extremae
747 1553 871 1601 filvae
910 1570 1012 1600 cum
1056 1551 1463 1608 circumsedissent,

177 1626 256 1672 ubi
276 1626 464 1686 intravit
493 1644 650 1690 agmen
677 1627 831 1674 saltum
848 1662 861 1683 ,
885 1638 978 1673 tum
1001 1640 1218 1673 extremas
1248 1624 1463 1672 arborum

178 1700 443 1748 succisarum
475 1701 726 1764 impellunt.
757 1718 886 1765 quae,
908 1701 991 1748 alia
1020 1700 1067 1746 in
1096 1700 1251 1758 aliam,
1277 1695 1463 1746 instabi-

177 1774 266 1820 lem
288 1791 367 1836 per
398 1774 440 1821 se
468 1793 518 1822 ac
541 1776 655 1821 male
683 1775 954 1833 haerentem,
979 1773 1254 1831 incidentes»,
1278 1772 1464 1835 ancipiti

178 1847 321 1910 Perage
347 1864 465 1893 arma
478 1884 491 1901 ,
509 1848 658 1904 viros,
679 1863 819 1909 equos
840 1848 1119 1903 obruerunt,
1139 1857 1189 1892 ut
1207 1846 1290 1891 vix
1308 1846 1463 1893 decem

176 1918 231 1967 h<
215 1920 385 1966 ›mines
415 1919 669 1983 effixgerent.
702 1920 819 1965 Nam
854 1936 955 1971 cum
985 1917 1224 1964 exanimati
1259 1917 1464 1980 plerique

179 1992 246 2039 es
242 2003 316 2038 ent
355 1992 568 2039 arborum
609 1991 778 2039 truncis
823 1991 887 2038 fra
891 1990 1165 2056 gmentisque
1207 2006 1467 2046 ramorum,

145 2082 150 2092 ³
180 2077 374 2112 ceteram
423 2082 470 2128 q
470 2081 606 2126 ioque
654 2064 1018 2124 multitudinem,
1057 2063 1295 2126 inopinato
1341 2061 1465 2109 malo

180 2138 428 2200 trepidam,
454 2137 574 2185 Galli
592 2174 605 2195 ,
633 2136 790 2184 saltum
821 2154 1003 2184 omnem
1040 2136 1192 2183 armati
1224 2133 1465 2183 circumse-

180 2210 733 2269 dentes,interfecerunt;
770 2212 924 2274 paucis
956 2227 979 2257 e
1005 2222 1133 2257 tanto
1169 2210 1358 2256 numero
1392 2219 1466 2255 cat-i

158 2338 161 2342 Ὗ
181 2283 270 2347 ptis
288 2320 301 2340 ‚
322 2284 398 2343 qui
414 2319 427 2341 ,
449 2283 646 2330 fluminis
679 2296 865 2346 pontem
899 2295 1098 2347 petentes
1115 2320 1129 2340 ‚
1153 2280 1325 2328 obseffo
1361 2291 1465 2327 ante

182 2356 238 2403 ab
265 2356 469 2403 hostibus
502 2369 643 2419 ponte
671 2356 896 2404 interclusi
933 2355 1044 2402 sunt.
1078 2353 1143 2400 Ibi
1178 2352 1465 2410 Postumius,

184 2428 312 2477 omni
336 2428 415 2488 vi,
447 2445 503 2477 ne
528 2440 788 2494 caperetur,
816 2428 1030 2478 dimicans
1060 2426 1290 2478 occubuit.
1323 2423 1466 2489 spolia
