1628 2890
272 164 814 212 fflsToRiARUM
859 163 987 210 ΜΒ.
1033 162 1209 210 xxv.
1310 178 1401 226 229

111 272 289 337 aliquot
310 283 538 319 matronas
559 271 678 335 apud
696 271 920 335 populum
938 268 1095 334 probri
1115 269 1398 318 accusarunt:

109 345 322 408 quasdam
346 361 403 391 ex
431 344 493 390 eis
521 345 750 391 damnatas
776 344 826 390 -in
849 344 1055 392 exfilium
1081 356 1276 407 egerunt.
1310 347 1404 391 Lu-

109 416 156 463 di
189 416 354 480 plebeji
379 433 459 479 per
492 417 679 463 biduum
708 416 962 465 instaurati:
994 420 1044 467 &
1069 417 1196 467 Jovis
1218 418 1402 482 epulum

105 488 193 537 fuit
210 489 420 536 ludorum
440 489 582 536 causa.

187 564 259 610 111.
291 564 352 622 Q.
381 562 567 609 Fulvius
598 561 783 610 Flaccus
821 561 1038 622 tertium.
1066 564 1150 625 Ap.
1180 561 1397 609 Claudius

107 635 392 683 consulatum
413 636 587 683 ineunt.
623 639 680 682 Et
710 647 929 698 praetores
963 636 1227 698 provincias
1249 635 1396 682 sortiti

105 708 235 765 sunt3
269 710 314 755 P.
343 708 586 755 Cornelius
620 709 741 754 Sulla
769 709 984 755 urbanam
1010 710 1059 755 δε
1081 708 1394 772 peregrinam,

104 800 207 847 quae
228 782 421 830 duorum
443 795 546 829 ante
575 781 669 829 sors
697 781 870 841 tuerat,
904 783 993 828 Cn.
1010 781 1192 829 Fulvius
1214 782 1396 829 ,Flaccus

104 854 314 917 Apuliam
329 889 343 912 ‚
376 855 433 901 C.
454 853 672 901 Claudius
694 854 823 900 Nero
848 852 1095 900 Sueffulam
1111 888 1127 912 ,
1156 855 1219 898 Μ.
1240 853 1396 900 Junius

103 926 279 974 Silanus
296 925 488 974 Tuscos.
520 925 794 973 Consulibus
817 924 988 972 bellum
1018 940 1121 972 cum
1143 924 1394 971 Hannibale

104 1001 154 1047 &
182 1000 300 1047 binae
327 999 529 1064 legiones
560 1000 784 1048 decretae:
813 998 924 1046 alter
957 1015 982 1045 a
1012 999 1072 1059 Q.
1102 997 1237 1044 Fabio
1264 997 1397 1061 supe-

100 1073 236 1120 rioris
268 1073 376 1121 anni
397 1072 608 1131 consule,
638 1073 748 1120 alter
773 1092 798 1120 a
826 1072 991 1119 Fulvio
1010 1071 1284 1119 Centumalo
1315 1089 1392 1119 ac-

103 1147 289 1211 ciperet.
333 1149 587 1196 Praetorum
607 1185 621 1210 ,
659 1147 809 1197 Fulvii
841 1146 1019 1205 Flacci,
1052 1163 1154 1210 quae
1190 1146 1390 1193 Luceriae

66 1266 70 1271 .
100 1219 182 1267 sub
199 1221 385 1269 AEmilio
406 1235 630 1285 praetore3
660 1221 861 1270 Neronis
883 1219 1092 1279 Claudii,
1123 1237 1224 1283 quae
1244 1219 1291 1266 in
1311 1220 1388 1266 Pi-

99 1311 217 1344 ceno
238 1294 319 1342 sub
338 1297 391 1343 C.
409 1296 628 1343 Terentio
654 1294 833 1344 fuiffent
847 1331 860 1354 ,
878 1295 1078 1359 legiones
1098 1293 1249 1341 essent.
1281 1293 1388 1356 sup-

97 1368 377 1430 plementum
407 1369 455 1416 in
486 1386 558 1417 eas
589 1369 775 1434 quisque
798 1369 1009 1416 scriberet
1033 1369 1127 1416 fibi.
1164 1369 1386 1416 M.Junio

96 1441 146 1488 in
168 1442 342 1489 Tuscos
376 1442 577 1507 legiones
596 1444 779 1490 urbanae
812 1442 978 1506 prioris
1011 1442 1115 1489 anni
1148 1442 1276 1490 datae.
1310 1442 1386 1490 Ti.

96 1515 370 1579 Sempronio
391 1517 605 1565 Graccho
626 1518 676 1565 &
695 1517 1030 1581 P.Semproni0
1047 1515 1280 1562 Tuditano
1302 1515 1384 1561 im·

92 1590 269 1654 perium
298 1591 645 1656 provinciaeque
678 1592 847 1641 Lucani
878 1594 929 1640 δε
961 1590 1123 1640 Galliae
1159 1608 1262 1638 cum
1296 1589 1383 1636 suis

94 1662 370 1711 exercitibus
402 1677 689 1729 prorogatae:
717 1665 824 1712 item
851 1667 898 1712 P.
920 1664 1143 1719 Lentule,
1182 1679 1268 1726 qua
1296 1679 1381 1708 ve-

92 1746 166 1781 tus
191 1735 435 1798 provincia
468 1737 517 1784 in
547 1737 700 1785 Sicilia
731 1737 866 1793 effet3
899 1739 966 1783 M.
993 1735 1213 1783 Marcello
1243 1735 1380 1799 Syra·-

92 1806 235 1866 cusae‚
269 1809 319 1856 &
340 1826 430 1873 qua
455 1809 671 1858 Hieronis
703 1827 891 1874 regnum
926 1809 1103 1856 fuisset:
1141 1811 1196 1856 T.
1219 1807 1381 1853 Otacin

91 1879 159 1926 lio
185 1879 348 1927 claflis:
381 1882 560 1929 Graecia
582 1884 644 1929 M.
667 1881 875 1930 Valerio:
905 1879 1109 1927 Sardinia
1140 1881 1201 1939 Q.
1219 1878 1380 1924 Mucio.

91 1952 339 2000 Scaevolae:
370 1953 596 2017 Hispaniae
628 1954 676 2001 P.
697 1954 748 2002 &
769 1954 857 2001 Cn.
878 1951 1122 2000 Corneliis.
1159 1951 1230 1997 Ad
1251 1963 1376 1996 vete-

91 2042 163 2073 res
204 2026 426 2074 exercitus
466 2028 566 2076 duae
600 2029 784 2076 urbanae
822 2029 1022 2092 legiones
1055 2044 1079 2073 a
1114 2024 1379 2072 consulibus

90 2095 292 2159 scriptae,
327 2092 581 2162 summaque
610 2098 749 2145 trium
778 2097 1022 2160 &viginti
1056 2096 1286 2159 legionum
1317 2111 1379 2140 eo,

90 2187 214 2217 anno
243 2170 396 2219 effecta
423 2171 499 2220 est.
528 2171 766 2219 Deleclum
798 2171 1034 2220 consulum
1062 2172 1127 2216 M.
1157 2168 1377 2215 Postumii

89 2243 329 2308 Pyrgensis
360 2262 464 2293 curn
499 2261 662 2309 magno
694 2261 838 2308 prope
869 2255 1181 2291 motuvrerum
1207 2240 1377 2288 factum

89 2318 310 2381 impediit.
351 2319 620 2367 Publicanus
653 2332 747 2368 erat
784 2318 1065 2378 Postumius,
1102 2317 1181 2382 qui
1216 2316 1375 2363 multis.

89 2389 216 2437 annis
249 2408 401 2454 parem
429 2390 583 2439 fraude
609 2392 887 2456 avaritiaque
917 2390 1145 2438 neminem
1170 2389 1217 2435 in
1248 2387 1369 2435 civi-

87 2474 177 2512 tate
194 2463 406 2514 habuerat
422 2500 439 2526 ,
455 2477 616 2530 praeter
645 2466 700 2514 T.
717 2465 1022 2530 Pomponium
1043 2461 1340 2524 Vejentanum
1353 2495 1371 2519 ,

1015 2537 1046 2581 Ρ
1085 2551 1107 2596 3
