<?xml version="1.0" encoding="UTF-8"?>
<!DOCTYPE html PUBLIC "-//W3C//DTD XHTML 1.0 Transitional//EN"
    "http://www.w3.org/TR/xhtml1/DTD/xhtml1-transitional.dtd">
<html xmlns="http://www.w3.org/1999/xhtml" xml:lang="en" lang="en">
 <head>
  <title>
</title>
<meta http-equiv="Content-Type" content="text/html;charset=utf-8" />
  <meta name='ocr-system' content='tesseract 3.04.00' />
  <meta name='ocr-capabilities' content='ocr_page ocr_carea ocr_par ocr_line ocrx_word'/>
</head>
<body>
  <div class='ocr_page' id='page_1' title='image "./historiarumlibri04livyuoft_0065.png"; bbox 0 0 1628 2890; ppageno 0'>
   <div class='ocr_carea' id='block_1_1' title="bbox 0 0 32 2890">
    <p class='ocr_par' dir='ltr' id='par_1_1' title="bbox 0 0 32 2890">
     <span class='ocr_line' id='line_1_1' title="bbox 0 0 32 2890; baseline 0 0"><span class='ocrx_word' id='word_1_1' title='bbox 0 0 32 2890; x_wconf 95' lang='lat' dir='ltr'><strong> </strong></span> 
     </span>
    </p>
   </div>
   <div class='ocr_carea' id='block_1_2' title="bbox 263 145 1395 211">
    <p class='ocr_par' dir='ltr' id='par_1_2' title="bbox 263 145 1395 211">
     <span class='ocr_line' id='line_1_2' title="bbox 263 145 1395 211; baseline -0.002 -16"><span class='ocrx_word' id='word_1_2' title='bbox 263 145 813 195; x_wconf 87' lang='lat' dir='ltr'><strong>HISTORIARUM</strong></span> <span class='ocrx_word' id='word_1_3' title='bbox 848 145 975 194; x_wconf 90' lang='lat' dir='ltr'>LIB.</span> <span class='ocrx_word' id='word_1_4' title='bbox 1025 145 1207 193; x_wconf 89' lang='lat' dir='ltr'>XXII.</span> <span class='ocrx_word' id='word_1_5' title='bbox 1336 160 1395 211; x_wconf 82' lang='lat'><strong>57</strong></span> 
     </span>
    </p>
   </div>
   <div class='ocr_carea' id='block_1_3' title="bbox 95 253 1406 2506">
    <p class='ocr_par' dir='ltr' id='par_1_3' title="bbox 95 253 1406 2340">
     <span class='ocr_line' id='line_1_3' title="bbox 106 253 1394 319; baseline -0.002 -16"><span class='ocrx_word' id='word_1_6' title='bbox 106 255 252 319; x_wconf 79' lang='lat' dir='ltr'><strong>juffis,</strong></span> <span class='ocrx_word' id='word_1_7' title='bbox 273 254 363 318; x_wconf 90' lang='lat' dir='ltr'><strong>ipse</strong></span> <span class='ocrx_word' id='word_1_8' title='bbox 392 272 494 302; x_wconf 88' lang='lat' dir='ltr'><strong>cum</strong></span> <span class='ocrx_word' id='word_1_9' title='bbox 517 254 694 301; x_wconf 88' lang='lat' dir='ltr'><strong>duobus</strong></span> <span class='ocrx_word' id='word_1_10' title='bbox 723 254 946 317; x_wconf 86' lang='lat' dir='ltr'><strong>equitibus</strong></span> <span class='ocrx_word' id='word_1_11' title='bbox 973 254 1145 302; x_wconf 88' lang='lat' dir='ltr'><strong>vallum</strong></span> <span class='ocrx_word' id='word_1_12' title='bbox 1173 253 1361 302; x_wconf 85' lang='lat' dir='ltr'><strong>intravit</strong></span> <span class='ocrx_word' id='word_1_13' title='bbox 1379 272 1394 301; x_wconf 76' lang='grc' dir='ltr'><em>τ</em></span> 
     </span>
     <span class='ocr_line' id='line_1_4' title="bbox 106 328 1400 395; baseline -0.002 -17"><span class='ocrx_word' id='word_1_14' title='bbox 106 329 438 395; x_wconf 82' lang='lat' dir='ltr'>speculatusque</span> <span class='ocrx_word' id='word_1_15' title='bbox 470 329 624 394; x_wconf 84' lang='lat' dir='ltr'><strong>omnia</strong></span> <span class='ocrx_word' id='word_1_16' title='bbox 652 346 758 376; x_wconf 88' lang='lat' dir='ltr'><strong>cum</strong></span> <span class='ocrx_word' id='word_1_17' title='bbox 794 346 901 375; x_wconf 86' lang='lat' dir='ltr'><strong>cura</strong></span> <span class='ocrx_word' id='word_1_18' title='bbox 933 329 1190 388; x_wconf 81' lang='lat' dir='ltr'>renuntiat,</span> <span class='ocrx_word' id='word_1_19' title='bbox 1220 328 1400 376; x_wconf 81' lang='lat' dir='ltr'><strong>infidias</strong></span> 
     </span>
     <span class='ocr_line' id='line_1_5' title="bbox 107 403 1396 470; baseline -0.002 -17"><span class='ocrx_word' id='word_1_20' title='bbox 107 405 312 470; x_wconf 55' lang='lat' dir='ltr'><strong>profecio</strong></span> <span class='ocrx_word' id='word_1_21' title='bbox 333 403 417 450; x_wconf 82' lang='lat' dir='ltr'><strong>effe</strong></span> <span class='ocrx_word' id='word_1_22' title='bbox 437 423 447 450; x_wconf 95' lang='lat'><strong>:</strong></span> <span class='ocrx_word' id='word_1_23' title='bbox 468 404 592 468; x_wconf 81' lang='lat' dir='ltr'><strong>ignes</strong></span> <span class='ocrx_word' id='word_1_24' title='bbox 609 405 656 451; x_wconf 91' lang='lat' dir='ltr'><strong>in</strong></span> <span class='ocrx_word' id='word_1_25' title='bbox 680 415 804 466; x_wconf 84' lang='lat' dir='ltr'><strong>parte</strong></span> <span class='ocrx_word' id='word_1_26' title='bbox 828 403 1098 461; x_wconf 72' lang='lat' dir='ltr'><strong>czffirorum,</strong></span> <span class='ocrx_word' id='word_1_27' title='bbox 1114 420 1215 467; x_wconf 86' lang='lat' dir='ltr'><strong>quae</strong></span> <span class='ocrx_word' id='word_1_28' title='bbox 1235 415 1396 467; x_wconf 79' lang='lat' dir='ltr'><strong>vergat</strong></span> 
     </span>
     <span class='ocr_line' id='line_1_6' title="bbox 106 476 1398 540; baseline -0.002 -15"><span class='ocrx_word' id='word_1_29' title='bbox 106 480 155 526; x_wconf 81' lang='lat' dir='ltr'><strong>in</strong></span> <span class='ocrx_word' id='word_1_30' title='bbox 185 478 355 525; x_wconf 89' lang='lat' dir='ltr'><strong>hostem</strong></span> <span class='ocrx_word' id='word_1_31' title='bbox 371 513 386 537; x_wconf 93' lang='lat'><strong>,</strong></span> <span class='ocrx_word' id='word_1_32' title='bbox 405 478 584 524; x_wconf 63' lang='lat' dir='ltr'><strong>relic‘tos</strong></span> <span class='ocrx_word' id='word_1_33' title='bbox 602 493 613 522; x_wconf 89' lang='lat'>:</span> <span class='ocrx_word' id='word_1_34' title='bbox 634 477 925 523; x_wconf 83' lang='lat' dir='ltr'><strong>tabernacula</strong></span> <span class='ocrx_word' id='word_1_35' title='bbox 957 489 1107 540; x_wconf 83' lang='lat' dir='ltr'><strong>aperta</strong></span> <span class='ocrx_word' id='word_1_36' title='bbox 1124 513 1138 534; x_wconf 93' lang='lat'><strong>,</strong></span> <span class='ocrx_word' id='word_1_37' title='bbox 1160 478 1211 524; x_wconf 88' lang='lat'>&amp;</span> <span class='ocrx_word' id='word_1_38' title='bbox 1245 476 1398 523; x_wconf 86' lang='lat' dir='ltr'><strong>omnia</strong></span> 
     </span>
     <span class='ocr_line' id='line_1_7' title="bbox 110 548 1400 613; baseline -0.002 -15"><span class='ocrx_word' id='word_1_39' title='bbox 110 568 211 598; x_wconf 88' lang='lat' dir='ltr'><strong>cara</strong></span> <span class='ocrx_word' id='word_1_40' title='bbox 238 551 285 597; x_wconf 89' lang='lat' dir='ltr'><strong>in</strong></span> <span class='ocrx_word' id='word_1_41' title='bbox 315 562 499 613; x_wconf 88' lang='lat' dir='ltr'><strong>promtu</strong></span> <span class='ocrx_word' id='word_1_42' title='bbox 526 549 677 596; x_wconf 71' lang='lat' dir='ltr'><strong>reli&amp;a</strong></span> <span class='ocrx_word' id='word_1_43' title='bbox 697 560 960 612; x_wconf 80' lang='lat' dir='ltr'><strong>:argentum</strong></span> <span class='ocrx_word' id='word_1_44' title='bbox 989 548 1251 612; x_wconf 84' lang='lat' dir='ltr'><strong>quibusdam</strong></span> <span class='ocrx_word' id='word_1_45' title='bbox 1284 548 1400 595; x_wconf 89' lang='lat' dir='ltr'><strong>locis</strong></span> 
     </span>
     <span class='ocr_line' id='line_1_8' title="bbox 107 620 1403 686; baseline -0.002 -14"><span class='ocrx_word' id='word_1_46' title='bbox 107 636 273 672; x_wconf 88' lang='lat' dir='ltr'><strong>temere</strong></span> <span class='ocrx_word' id='word_1_47' title='bbox 304 639 383 686; x_wconf 90' lang='lat' dir='ltr'><strong>per</strong></span> <span class='ocrx_word' id='word_1_48' title='bbox 410 623 533 680; x_wconf 86' lang='lat' dir='ltr'><strong>vias,</strong></span> <span class='ocrx_word' id='word_1_49' title='bbox 562 621 691 669; x_wconf 90' lang='lat' dir='ltr'><strong>velut</strong></span> <span class='ocrx_word' id='word_1_50' title='bbox 722 620 947 683; x_wconf 61' lang='lat' dir='ltr'><strong>objecium</strong></span> <span class='ocrx_word' id='word_1_51' title='bbox 988 622 1044 668; x_wconf 86' lang='lat' dir='ltr'><strong>ad</strong></span> <span class='ocrx_word' id='word_1_52' title='bbox 1073 624 1295 684; x_wconf 74' lang='lat' dir='ltr'><strong>praedam,</strong></span> <span class='ocrx_word' id='word_1_53' title='bbox 1323 623 1403 669; x_wconf 90' lang='lat' dir='ltr'><strong>vi-</strong></span> 
     </span>
     <span class='ocr_line' id='line_1_9' title="bbox 107 693 1402 756; baseline -0.001 -14"><span class='ocrx_word' id='word_1_54' title='bbox 107 695 226 742; x_wconf 84' lang='lat' dir='ltr'><strong>diffe.</strong></span> <span class='ocrx_word' id='word_1_55' title='bbox 249 696 367 755; x_wconf 83' lang='lat' dir='ltr'><strong>Quae</strong></span> <span class='ocrx_word' id='word_1_56' title='bbox 386 695 441 741; x_wconf 80' lang='lat' dir='ltr'><strong>ad</strong></span> <span class='ocrx_word' id='word_1_57' title='bbox 467 694 759 741; x_wconf 76' lang='lat' dir='ltr'><strong>deterrendos</strong></span> <span class='ocrx_word' id='word_1_58' title='bbox 776 711 800 740; x_wconf 87' lang='lat' dir='ltr'>a</span> <span class='ocrx_word' id='word_1_59' title='bbox 824 693 1068 756; x_wconf 85' lang='lat' dir='ltr'><strong>cupiditate</strong></span> <span class='ocrx_word' id='word_1_60' title='bbox 1086 694 1264 742; x_wconf 78' lang='lat' dir='ltr'><strong>animos</strong></span> <span class='ocrx_word' id='word_1_61' title='bbox 1283 712 1402 741; x_wconf 90' lang='lat' dir='ltr'><strong>nun-</strong></span> 
     </span>
     <span class='ocr_line' id='line_1_10' title="bbox 106 766 1403 829; baseline 0.001 -16"><span class='ocrx_word' id='word_1_62' title='bbox 106 768 213 814; x_wconf 84' lang='lat' dir='ltr'><strong>tiata</strong></span> <span class='ocrx_word' id='word_1_63' title='bbox 239 779 389 825; x_wconf 85' lang='lat' dir='ltr'><strong>erant,</strong></span> <span class='ocrx_word' id='word_1_64' title='bbox 408 783 460 813; x_wconf 85' lang='lat' dir='ltr'><strong>ea</strong></span> <span class='ocrx_word' id='word_1_65' title='bbox 479 766 812 829; x_wconf 51' lang='lat' dir='ltr'><strong>accenderuntss</strong></span> <span class='ocrx_word' id='word_1_66' title='bbox 833 768 909 824; x_wconf 60' lang='grc' dir='ltr'><strong>δέ,</strong></span> <span class='ocrx_word' id='word_1_67' title='bbox 931 766 1129 813; x_wconf 80' lang='lat' dir='ltr'><strong>clamore</strong></span> <span class='ocrx_word' id='word_1_68' title='bbox 1151 780 1256 813; x_wconf 90' lang='lat' dir='ltr'><strong>orto</strong></span> <span class='ocrx_word' id='word_1_69' title='bbox 1274 785 1298 814; x_wconf 86' lang='lat' dir='ltr'>a</span> <span class='ocrx_word' id='word_1_70' title='bbox 1317 769 1403 814; x_wconf 86' lang='lat' dir='ltr'><strong>mi-</strong></span> 
     </span>
     <span class='ocr_line' id='line_1_11' title="bbox 107 841 1403 908; baseline 0.001 -21"><span class='ocrx_word' id='word_1_71' title='bbox 107 841 293 900; x_wconf 79' lang='lat' dir='ltr'>litibus,</span> <span class='ocrx_word' id='word_1_72' title='bbox 324 844 373 889; x_wconf 83' lang='lat' dir='ltr'><strong>ni</strong></span> <span class='ocrx_word' id='word_1_73' title='bbox 376 843 548 906; x_wconf 80' lang='lat' dir='ltr'><strong>stgnum</strong></span> <span class='ocrx_word' id='word_1_74' title='bbox 582 846 699 888; x_wconf 79' lang='lat' dir='ltr'><strong>detur</strong></span> <span class='ocrx_word' id='word_1_75' title='bbox 711 843 830 908; x_wconf 81' lang='lat' dir='ltr'><strong>,stne</strong></span> <span class='ocrx_word' id='word_1_76' title='bbox 861 843 1038 887; x_wconf 75' lang='lat' dir='ltr'><strong>ducibus</strong></span> <span class='ocrx_word' id='word_1_77' title='bbox 1066 845 1197 887; x_wconf 65' lang='lat' dir='ltr'><strong>ituros</strong></span> <span class='ocrx_word' id='word_1_78' title='bbox 1215 877 1228 899; x_wconf 96' lang='lat'><strong>,</strong></span> <span class='ocrx_word' id='word_1_79' title='bbox 1262 842 1403 888; x_wconf 83' lang='lat' dir='ltr'><strong>haud-</strong></span> 
     </span>
     <span class='ocr_line' id='line_1_12' title="bbox 107 915 1403 980; baseline -0.001 -17"><span class='ocrx_word' id='word_1_80' title='bbox 107 933 336 980; x_wconf 80' lang='lat' dir='ltr'>quaquam</span> <span class='ocrx_word' id='word_1_81' title='bbox 355 917 446 963; x_wconf 86' lang='lat' dir='ltr'><strong>dux</strong></span> <span class='ocrx_word' id='word_1_82' title='bbox 470 915 625 964; x_wconf 86' lang='lat' dir='ltr'><strong>defuit.</strong></span> <span class='ocrx_word' id='word_1_83' title='bbox 662 929 768 962; x_wconf 77' lang='lat' dir='ltr'><strong>nam</strong></span> <span class='ocrx_word' id='word_1_84' title='bbox 793 915 1024 978; x_wconf 76' lang='lat' dir='ltr'><strong>extemplo</strong></span> <span class='ocrx_word' id='word_1_85' title='bbox 1047 917 1193 962; x_wconf 76' lang='lat' dir='ltr'><strong>Varro</strong></span> <span class='ocrx_word' id='word_1_86' title='bbox 1225 915 1403 978; x_wconf 73' lang='lat' dir='ltr'><strong>signum</strong></span> 
     </span>
     <span class='ocr_line' id='line_1_13' title="bbox 107 987 1404 1054; baseline -0.002 -18"><span class='ocrx_word' id='word_1_87' title='bbox 107 990 228 1036; x_wconf 82' lang='lat' dir='ltr'><strong>dedit</strong></span> <span class='ocrx_word' id='word_1_88' title='bbox 254 988 583 1054; x_wconf 87' lang='lat' dir='ltr'><strong>proficiscendi.</strong></span> <span class='ocrx_word' id='word_1_89' title='bbox 601 989 805 1047; x_wconf 81' lang='lat' dir='ltr'><strong>Paullus,</strong></span> <span class='ocrx_word' id='word_1_90' title='bbox 824 1002 928 1036; x_wconf 87' lang='lat' dir='ltr'><strong>cum</strong></span> <span class='ocrx_word' id='word_1_91' title='bbox 949 988 990 1035; x_wconf 89' lang='lat' dir='ltr'><strong>ei</strong></span> <span class='ocrx_word' id='word_1_92' title='bbox 1017 987 1092 1034; x_wconf 80' lang='lat' dir='ltr'><strong>sua</strong></span> <span class='ocrx_word' id='word_1_93' title='bbox 1114 988 1273 1050; x_wconf 84' lang='lat' dir='ltr'><strong>sponte</strong></span> <span class='ocrx_word' id='word_1_94' title='bbox 1293 1006 1404 1035; x_wconf 88' lang='lat' dir='ltr'><strong>cun-</strong></span> 
     </span>
     <span class='ocr_line' id='line_1_14' title="bbox 106 1060 1405 1127; baseline -0.002 -17"><span class='ocrx_word' id='word_1_95' title='bbox 106 1063 241 1110; x_wconf 68' lang='lat' dir='ltr'><strong>&amp;anti</strong></span> <span class='ocrx_word' id='word_1_96' title='bbox 282 1062 394 1126; x_wconf 88' lang='lat' dir='ltr'><strong>pulli</strong></span> <span class='ocrx_word' id='word_1_97' title='bbox 425 1079 608 1127; x_wconf 88' lang='lat' dir='ltr'><strong>quoque</strong></span> <span class='ocrx_word' id='word_1_98' title='bbox 640 1061 840 1124; x_wconf 79' lang='lat' dir='ltr'><strong>auspicio</strong></span> <span class='ocrx_word' id='word_1_99' title='bbox 872 1077 968 1107; x_wconf 88' lang='lat' dir='ltr'><strong>non</strong></span> <span class='ocrx_word' id='word_1_100' title='bbox 989 1060 1282 1117; x_wconf 72' lang='lat' dir='ltr'>addixissent,</span> <span class='ocrx_word' id='word_1_101' title='bbox 1314 1062 1405 1107; x_wconf 90' lang='lat' dir='ltr'><strong>ob-</strong></span> 
     </span>
     <span class='ocr_line' id='line_1_15' title="bbox 105 1133 1403 1198; baseline 0.001 -17"><span class='ocrx_word' id='word_1_102' title='bbox 105 1134 304 1182; x_wconf 85' lang='lat' dir='ltr'><strong>nuntiari</strong></span> <span class='ocrx_word' id='word_1_103' title='bbox 345 1135 432 1196; x_wconf 79' lang='lat' dir='ltr'><strong>jam</strong></span> <span class='ocrx_word' id='word_1_104' title='bbox 478 1134 679 1182; x_wconf 85' lang='lat' dir='ltr'><strong>efferenti</strong></span> <span class='ocrx_word' id='word_1_105' title='bbox 720 1146 851 1197; x_wconf 86' lang='lat' dir='ltr'><strong>porta</strong></span> <span class='ocrx_word' id='word_1_106' title='bbox 886 1134 1006 1197; x_wconf 73' lang='lat' dir='ltr'><strong>ligna</strong></span> <span class='ocrx_word' id='word_1_107' title='bbox 1044 1133 1231 1198; x_wconf 83' lang='lat' dir='ltr'><strong>collegae</strong></span> <span class='ocrx_word' id='word_1_108' title='bbox 1266 1134 1403 1196; x_wconf 79' lang='lat' dir='ltr'>juffit.</span> 
     </span>
     <span class='ocr_line' id='line_1_16' title="bbox 105 1207 1402 1272; baseline 0.001 -19"><span class='ocrx_word' id='word_1_109' title='bbox 105 1208 233 1272; x_wconf 88' lang='lat' dir='ltr'><strong>quod</strong></span> <span class='ocrx_word' id='word_1_110' title='bbox 275 1225 530 1272; x_wconf 77' lang='lat' dir='ltr'>quanquam</span> <span class='ocrx_word' id='word_1_111' title='bbox 559 1212 706 1255; x_wconf 79' lang='lat' dir='ltr'><strong>Varro</strong></span> <span class='ocrx_word' id='word_1_112' title='bbox 740 1225 855 1271; x_wconf 81' lang='lat' dir='ltr'><strong>aegre</strong></span> <span class='ocrx_word' id='word_1_113' title='bbox 889 1208 950 1254; x_wconf 85' lang='lat' dir='ltr'><strong>est</strong></span> <span class='ocrx_word' id='word_1_114' title='bbox 984 1207 1155 1270; x_wconf 73' lang='lat' dir='ltr'><strong>passus,</strong></span> <span class='ocrx_word' id='word_1_115' title='bbox 1194 1207 1402 1254; x_wconf 83' lang='lat' dir='ltr'><strong>Flaminii</strong></span> 
     </span>
     <span class='ocr_line' id='line_1_17' title="bbox 105 1279 1405 1343; baseline 0.002 -20"><span class='ocrx_word' id='word_1_116' title='bbox 105 1288 256 1325; x_wconf 81' lang='lat' dir='ltr'><strong>tamen</strong></span> <span class='ocrx_word' id='word_1_117' title='bbox 289 1295 442 1326; x_wconf 89' lang='lat' dir='ltr'><strong>recens</strong></span> <span class='ocrx_word' id='word_1_118' title='bbox 461 1279 585 1327; x_wconf 82' lang='lat' dir='ltr'><strong>casus</strong></span> <span class='ocrx_word' id='word_1_119' title='bbox 601 1315 615 1336; x_wconf 92' lang='lat'><em>‚</em></span> <span class='ocrx_word' id='word_1_120' title='bbox 635 1280 905 1343; x_wconf 79' lang='lat' dir='ltr'><strong>Claudiique</strong></span> <span class='ocrx_word' id='word_1_121' title='bbox 926 1279 1124 1326; x_wconf 89' lang='lat' dir='ltr'><strong>consulis</strong></span> <span class='ocrx_word' id='word_1_122' title='bbox 1149 1279 1297 1342; x_wconf 87' lang='lat' dir='ltr'><strong>primo</strong></span> <span class='ocrx_word' id='word_1_123' title='bbox 1319 1282 1405 1326; x_wconf 87' lang='lat' dir='ltr'><strong>Pu·</strong></span> 
     </span>
     <span class='ocr_line' id='line_1_18' title="bbox 107 1351 1406 1416; baseline 0.002 -19"><span class='ocrx_word' id='word_1_124' title='bbox 107 1351 215 1397; x_wconf 88' lang='lat' dir='ltr'><strong>nico</strong></span> <span class='ocrx_word' id='word_1_125' title='bbox 262 1351 384 1398; x_wconf 88' lang='lat' dir='ltr'><strong>bello</strong></span> <span class='ocrx_word' id='word_1_126' title='bbox 429 1365 676 1398; x_wconf 79' lang='lat' dir='ltr'><strong>memorata</strong></span> <span class='ocrx_word' id='word_1_127' title='bbox 723 1353 896 1400; x_wconf 78' lang='lat' dir='ltr'><strong>navalis</strong></span> <span class='ocrx_word' id='word_1_128' title='bbox 931 1353 1104 1410; x_wconf 77' lang='lat' dir='ltr'><strong>clades,</strong></span> <span class='ocrx_word' id='word_1_129' title='bbox 1138 1353 1406 1416; x_wconf 81' lang='lat' dir='ltr'>religionem</span> 
     </span>
     <span class='ocr_line' id='line_1_19' title="bbox 107 1422 1405 1488; baseline 0.003 -20"><span class='ocrx_word' id='word_1_130' title='bbox 107 1423 261 1469; x_wconf 81' lang='lat' dir='ltr'><strong>animo</strong></span> <span class='ocrx_word' id='word_1_131' title='bbox 305 1422 492 1471; x_wconf 86' lang='lat' dir='ltr'><strong>incuffit.</strong></span> <span class='ocrx_word' id='word_1_132' title='bbox 527 1424 608 1471; x_wconf 85' lang='lat' dir='ltr'><strong>Dii</strong></span> <span class='ocrx_word' id='word_1_133' title='bbox 639 1440 782 1487; x_wconf 84' lang='lat' dir='ltr'><strong>prope</strong></span> <span class='ocrx_word' id='word_1_134' title='bbox 804 1424 884 1487; x_wconf 90' lang='lat' dir='ltr'><strong>ipfi</strong></span> <span class='ocrx_word' id='word_1_135' title='bbox 905 1441 961 1471; x_wconf 92' lang='lat' dir='ltr'><strong>eo</strong></span> <span class='ocrx_word' id='word_1_136' title='bbox 995 1425 1065 1470; x_wconf 85' lang='lat' dir='ltr'><strong>die</strong></span> <span class='ocrx_word' id='word_1_137' title='bbox 1091 1425 1231 1488; x_wconf 81' lang='lat' dir='ltr'><strong>magis</strong></span> <span class='ocrx_word' id='word_1_138' title='bbox 1261 1425 1405 1472; x_wconf 88' lang='lat' dir='ltr'><strong>distu-</strong></span> 
     </span>
     <span class='ocr_line' id='line_1_20' title="bbox 106 1496 1404 1560; baseline 0.002 -18"><span class='ocrx_word' id='word_1_139' title='bbox 106 1496 222 1554; x_wconf 86' lang='lat' dir='ltr'><strong>lere,</strong></span> <span class='ocrx_word' id='word_1_140' title='bbox 254 1513 388 1560; x_wconf 85' lang='lat' dir='ltr'><strong>quam</strong></span> <span class='ocrx_word' id='word_1_141' title='bbox 430 1497 730 1559; x_wconf 79' lang='lat' dir='ltr'><strong>prohibuere,</strong></span> <span class='ocrx_word' id='word_1_142' title='bbox 756 1496 1066 1543; x_wconf 83' lang='lat' dir='ltr'><strong>imminentem</strong></span> <span class='ocrx_word' id='word_1_143' title='bbox 1098 1497 1264 1560; x_wconf 86' lang='lat' dir='ltr'><strong>pestem</strong></span> <span class='ocrx_word' id='word_1_144' title='bbox 1302 1499 1404 1544; x_wconf 80' lang='lat' dir='ltr'><strong>Ro-</strong></span> 
     </span>
     <span class='ocr_line' id='line_1_21' title="bbox 105 1567 1404 1634; baseline 0.003 -20"><span class='ocrx_word' id='word_1_145' title='bbox 105 1567 262 1614; x_wconf 80' lang='lat' dir='ltr'><strong>manis.</strong></span> <span class='ocrx_word' id='word_1_146' title='bbox 295 1585 399 1614; x_wconf 85' lang='lat' dir='ltr'><strong>nam</strong></span> <span class='ocrx_word' id='word_1_147' title='bbox 433 1568 551 1616; x_wconf 88' lang='lat' dir='ltr'><strong>forte</strong></span> <span class='ocrx_word' id='word_1_148' title='bbox 577 1569 638 1616; x_wconf 85' lang='lat' dir='ltr'><strong>ita</strong></span> <span class='ocrx_word' id='word_1_149' title='bbox 664 1569 841 1628; x_wconf 89' lang='lat' dir='ltr'><strong>evenit,</strong></span> <span class='ocrx_word' id='word_1_150' title='bbox 862 1581 940 1627; x_wconf 87' lang='lat' dir='ltr'><strong>ut,</strong></span> <span class='ocrx_word' id='word_1_151' title='bbox 969 1587 1072 1618; x_wconf 87' lang='lat' dir='ltr'><strong>cum</strong></span> <span class='ocrx_word' id='word_1_152' title='bbox 1094 1570 1251 1617; x_wconf 85' lang='lat' dir='ltr'><strong>referri</strong></span> <span class='ocrx_word' id='word_1_153' title='bbox 1282 1570 1404 1634; x_wconf 78' lang='lat' dir='ltr'><strong>signa</strong></span> 
     </span>
     <span class='ocr_line' id='line_1_22' title="bbox 105 1637 1403 1704; baseline 0.004 -20"><span class='ocrx_word' id='word_1_154' title='bbox 105 1638 153 1684; x_wconf 88' lang='lat' dir='ltr'><strong>in</strong></span> <span class='ocrx_word' id='word_1_155' title='bbox 173 1638 308 1685; x_wconf 83' lang='lat' dir='ltr'><strong>castra</strong></span> <span class='ocrx_word' id='word_1_156' title='bbox 326 1637 495 1698; x_wconf 86' lang='lat' dir='ltr'><strong>jubenti</strong></span> <span class='ocrx_word' id='word_1_157' title='bbox 521 1638 695 1686; x_wconf 89' lang='lat' dir='ltr'><strong>consuli</strong></span> <span class='ocrx_word' id='word_1_158' title='bbox 720 1639 881 1687; x_wconf 87' lang='lat' dir='ltr'><strong>milites</strong></span> <span class='ocrx_word' id='word_1_159' title='bbox 901 1657 997 1686; x_wconf 93' lang='lat' dir='ltr'><strong>non</strong></span> <span class='ocrx_word' id='word_1_160' title='bbox 1016 1654 1226 1704; x_wconf 81' lang='lat' dir='ltr'><strong>parerent</strong></span> <span class='ocrx_word' id='word_1_161' title='bbox 1246 1661 1257 1689; x_wconf 89' lang='lat'>:</span> <span class='ocrx_word' id='word_1_162' title='bbox 1278 1642 1403 1689; x_wconf 87' lang='lat' dir='ltr'><strong>servi</strong></span> 
     </span>
     <span class='ocr_line' id='line_1_23' title="bbox 107 1710 1398 1779; baseline 0.004 -23"><span class='ocrx_word' id='word_1_163' title='bbox 107 1711 228 1770; x_wconf 91' lang='lat' dir='ltr'><strong>duo,</strong></span> <span class='ocrx_word' id='word_1_164' title='bbox 262 1710 488 1757; x_wconf 84' lang='lat' dir='ltr'><strong>Formiani</strong></span> <span class='ocrx_word' id='word_1_165' title='bbox 523 1728 665 1769; x_wconf 87' lang='lat' dir='ltr'><strong>unus,</strong></span> <span class='ocrx_word' id='word_1_166' title='bbox 694 1712 805 1758; x_wconf 88' lang='lat' dir='ltr'><strong>alter</strong></span> <span class='ocrx_word' id='word_1_167' title='bbox 837 1713 1023 1760; x_wconf 84' lang='lat' dir='ltr'><strong>Sidicini</strong></span> <span class='ocrx_word' id='word_1_168' title='bbox 1056 1715 1251 1778; x_wconf 85' lang='lat' dir='ltr'><strong>equitis,</strong></span> <span class='ocrx_word' id='word_1_169' title='bbox 1284 1715 1398 1779; x_wconf 87' lang='lat' dir='ltr'><strong>qui,</strong></span> 
     </span>
     <span class='ocr_line' id='line_1_24' title="bbox 107 1783 1402 1849; baseline 0.002 -19"><span class='ocrx_word' id='word_1_170' title='bbox 107 1783 300 1831; x_wconf 86' lang='lat' dir='ltr'><strong>Servilio</strong></span> <span class='ocrx_word' id='word_1_171' title='bbox 335 1795 467 1846; x_wconf 84' lang='lat' dir='ltr'><strong>atque</strong></span> <span class='ocrx_word' id='word_1_172' title='bbox 490 1783 633 1829; x_wconf 91' lang='lat' dir='ltr'><strong>Atilio</strong></span> <span class='ocrx_word' id='word_1_173' title='bbox 654 1784 912 1832; x_wconf 85' lang='lat' dir='ltr'><strong>consulibus</strong></span> <span class='ocrx_word' id='word_1_174' title='bbox 929 1821 943 1843; x_wconf 95' lang='lat'><strong>,</strong></span> <span class='ocrx_word' id='word_1_175' title='bbox 963 1785 1080 1832; x_wconf 90' lang='lat' dir='ltr'><strong>inter</strong></span> <span class='ocrx_word' id='word_1_176' title='bbox 1108 1787 1402 1849; x_wconf 82' lang='lat' dir='ltr'><strong>pabulatores</strong></span> 
     </span>
     <span class='ocr_line' id='line_1_25' title="bbox 108 1856 1400 1923; baseline 0.002 -20"><span class='ocrx_word' id='word_1_177' title='bbox 108 1857 290 1920; x_wconf 86' lang='lat' dir='ltr'><strong>excepti</strong></span> <span class='ocrx_word' id='word_1_178' title='bbox 318 1874 343 1902; x_wconf 84' lang='lat' dir='ltr'>a</span> <span class='ocrx_word' id='word_1_179' title='bbox 373 1856 581 1903; x_wconf 87' lang='lat' dir='ltr'><strong>Numidis</strong></span> <span class='ocrx_word' id='word_1_180' title='bbox 612 1856 810 1915; x_wconf 82' lang='lat' dir='ltr'><strong>fuerant,</strong></span> <span class='ocrx_word' id='word_1_181' title='bbox 844 1858 1141 1923; x_wconf 87' lang='lat' dir='ltr'><strong>profugerent</strong></span> <span class='ocrx_word' id='word_1_182' title='bbox 1168 1877 1223 1907; x_wconf 90' lang='lat' dir='ltr'><strong>eo</strong></span> <span class='ocrx_word' id='word_1_183' title='bbox 1253 1860 1322 1906; x_wconf 78' lang='lat' dir='ltr'><strong>dic</strong></span> <span class='ocrx_word' id='word_1_184' title='bbox 1344 1859 1400 1906; x_wconf 80' lang='lat' dir='ltr'><strong>ad</strong></span> 
     </span>
     <span class='ocr_line' id='line_1_26' title="bbox 112 1928 1403 1991; baseline 0.002 -18"><span class='ocrx_word' id='word_1_185' title='bbox 112 1928 352 1974; x_wconf 88' lang='lat' dir='ltr'><strong>dominos:</strong></span> <span class='ocrx_word' id='word_1_186' title='bbox 373 1928 449 1991; x_wconf 88' lang='lat' dir='ltr'><strong>qui</strong></span> <span class='ocrx_word' id='word_1_187' title='bbox 466 1928 642 1975; x_wconf 73' lang='lat' dir='ltr'><strong>deduffi</strong></span> <span class='ocrx_word' id='word_1_188' title='bbox 663 1929 718 1976; x_wconf 83' lang='lat' dir='ltr'><strong>ad</strong></span> <span class='ocrx_word' id='word_1_189' title='bbox 740 1930 947 1977; x_wconf 89' lang='lat' dir='ltr'><strong>consules</strong></span> <span class='ocrx_word' id='word_1_190' title='bbox 965 1931 1196 1989; x_wconf 82' lang='lat' dir='ltr'><strong>nuntiant,</strong></span> <span class='ocrx_word' id='word_1_191' title='bbox 1216 1947 1403 1979; x_wconf 89' lang='lat' dir='ltr'><strong>omnem</strong></span> 
     </span>
     <span class='ocr_line' id='line_1_27' title="bbox 111 2002 1402 2066; baseline 0.003 -20"><span class='ocrx_word' id='word_1_192' title='bbox 111 2002 359 2049; x_wconf 84' lang='lat' dir='ltr'><strong>exercitum</strong></span> <span class='ocrx_word' id='word_1_193' title='bbox 379 2003 643 2050; x_wconf 81' lang='lat' dir='ltr'><strong>Hannibalis</strong></span> <span class='ocrx_word' id='word_1_194' title='bbox 661 2006 781 2050; x_wconf 67' lang='lat' dir='ltr'><strong>trabs</strong></span> <span class='ocrx_word' id='word_1_195' title='bbox 800 2005 1036 2066; x_wconf 85' lang='lat' dir='ltr'><strong>proximos</strong></span> <span class='ocrx_word' id='word_1_196' title='bbox 1054 2018 1233 2052; x_wconf 89' lang='lat' dir='ltr'><strong>montes</strong></span> <span class='ocrx_word' id='word_1_197' title='bbox 1252 2005 1402 2051; x_wconf 90' lang='lat' dir='ltr'><strong>sedere</strong></span> 
     </span>
     <span class='ocr_line' id='line_1_28' title="bbox 95 2074 1403 2138; baseline 0.003 -19"><span class='ocrx_word' id='word_1_198' title='bbox 95 2074 159 2125; x_wconf 76' lang='lat' dir='ltr'><strong>‚in</strong></span> <span class='ocrx_word' id='word_1_199' title='bbox 191 2074 373 2121; x_wconf 78' lang='lat' dir='ltr'><strong>insidiis.</strong></span> <span class='ocrx_word' id='word_1_200' title='bbox 408 2075 587 2121; x_wconf 88' lang='lat' dir='ltr'><strong>Horum</strong></span> <span class='ocrx_word' id='word_1_201' title='bbox 618 2089 906 2138; x_wconf 88' lang='lat' dir='ltr'><strong>opportunus</strong></span> <span class='ocrx_word' id='word_1_202' title='bbox 939 2080 1161 2136; x_wconf 84' lang='lat' dir='ltr'><strong>adventus</strong></span> <span class='ocrx_word' id='word_1_203' title='bbox 1193 2077 1403 2125; x_wconf 89' lang='lat' dir='ltr'><strong>consules</strong></span> 
     </span>
     <span class='ocr_line' id='line_1_29' title="bbox 110 2146 1404 2210; baseline 0.004 -18"><span class='ocrx_word' id='word_1_204' title='bbox 110 2146 287 2209; x_wconf 86' lang='lat' dir='ltr'><strong>imperii</strong></span> <span class='ocrx_word' id='word_1_205' title='bbox 317 2159 524 2210; x_wconf 86' lang='lat' dir='ltr'><strong>potentes</strong></span> <span class='ocrx_word' id='word_1_206' title='bbox 550 2148 685 2206; x_wconf 84' lang='lat' dir='ltr'><strong>fecit,</strong></span> <span class='ocrx_word' id='word_1_207' title='bbox 705 2166 807 2196; x_wconf 90' lang='lat' dir='ltr'><strong>cum</strong></span> <span class='ocrx_word' id='word_1_208' title='bbox 840 2151 1029 2198; x_wconf 85' lang='lat' dir='ltr'><strong>ambitio</strong></span> <span class='ocrx_word' id='word_1_209' title='bbox 1062 2152 1245 2199; x_wconf 85' lang='lat' dir='ltr'><strong>alterius</strong></span> <span class='ocrx_word' id='word_1_210' title='bbox 1278 2150 1404 2197; x_wconf 81' lang='lat' dir='ltr'><strong>suam</strong></span> 
     </span>
     <span class='ocr_line' id='line_1_30' title="bbox 111 2219 1404 2288; baseline 0.003 -23"><span class='ocrx_word' id='word_1_211' title='bbox 111 2219 306 2282; x_wconf 89' lang='lat' dir='ltr'><strong>primum</strong></span> <span class='ocrx_word' id='word_1_212' title='bbox 349 2220 467 2282; x_wconf 80' lang='lat' dir='ltr'><strong>apud</strong></span> <span class='ocrx_word' id='word_1_213' title='bbox 511 2237 590 2268; x_wconf 88' lang='lat' dir='ltr'><strong>eos</strong></span> <span class='ocrx_word' id='word_1_214' title='bbox 637 2238 776 2284; x_wconf 84' lang='lat' dir='ltr'><strong>prava</strong></span> <span class='ocrx_word' id='word_1_215' title='bbox 813 2223 1090 2288; x_wconf 85' lang='lat' dir='ltr'><strong>indulgentia</strong></span> <span class='ocrx_word' id='word_1_216' title='bbox 1128 2222 1404 2286; x_wconf 77' lang='lat' dir='ltr'><strong>majestatem</strong></span> 
     </span>
     <span class='ocr_line' id='line_1_31' title="bbox 108 2293 326 2340; baseline 0 -1"><span class='ocrx_word' id='word_1_217' title='bbox 108 2293 326 2340; x_wconf 77' lang='lat' dir='ltr'><strong>solviss&#39;et.</strong></span> 
     </span>
    </p>

    <p class='ocr_par' dir='ltr' id='par_1_4' title="bbox 112 2368 1403 2506">
     <span class='ocr_line' id='line_1_32' title="bbox 118 2368 1403 2433; baseline 0.003 -21"><span class='ocrx_word' id='word_1_218' title='bbox 118 2377 123 2402; x_wconf 68' lang='grc' dir='ltr'>ἑ</span> <span class='ocrx_word' id='word_1_219' title='bbox 175 2368 334 2414; x_wconf 83' lang='lat' dir='ltr'>XL111.</span> <span class='ocrx_word' id='word_1_220' title='bbox 367 2368 611 2427; x_wconf 77' lang='lat' dir='ltr'><strong>Hannibal,</strong></span> <span class='ocrx_word' id='word_1_221' title='bbox 636 2369 876 2433; x_wconf 80' lang='lat' dir='ltr'><strong>postquam</strong></span> <span class='ocrx_word' id='word_1_222' title='bbox 902 2379 1058 2414; x_wconf 84' lang='lat' dir='ltr'><strong>motos</strong></span> <span class='ocrx_word' id='word_1_223' title='bbox 1077 2368 1218 2432; x_wconf 76' lang='lat' dir='ltr'><strong>magis</strong></span> <span class='ocrx_word' id='word_1_224' title='bbox 1241 2368 1403 2417; x_wconf 88' lang='lat' dir='ltr'><strong>incon-</strong></span> 
     </span>
     <span class='ocr_line' id='line_1_33' title="bbox 112 2436 1398 2506; baseline 0.002 -20"><span class='ocrx_word' id='word_1_225' title='bbox 112 2436 221 2486; x_wconf 79' lang='lat' dir='ltr'><strong>sulte</strong></span> <span class='ocrx_word' id='word_1_226' title='bbox 255 2440 513 2501; x_wconf 76' lang='lat' dir='ltr'><strong>Romanos,</strong></span> <span class='ocrx_word' id='word_1_227' title='bbox 536 2459 668 2506; x_wconf 80' lang='lat' dir='ltr'><strong>quam</strong></span> <span class='ocrx_word' id='word_1_228' title='bbox 690 2442 745 2488; x_wconf 77' lang='lat' dir='ltr'><strong>ad</strong></span> <span class='ocrx_word' id='word_1_229' title='bbox 775 2442 987 2489; x_wconf 85' lang='lat' dir='ltr'><strong>ultimum</strong></span> <span class='ocrx_word' id='word_1_230' title='bbox 1007 2454 1170 2489; x_wconf 81' lang='lat' dir='ltr'><strong>temere</strong></span> <span class='ocrx_word' id='word_1_231' title='bbox 1187 2442 1398 2498; x_wconf 57' lang='lat' dir='ltr'><strong>weitos,</strong></span> 
     </span>
    </p>
   </div>
  </div>
 </body>
</html>
