1628 2890
295 92 831 156 HisTomARuM
881 111 1005 158 LIB.
1054 109 1253 160 xxvi.
1322 127 1413 178 353

133 213 351 266 ,audacior
370 230 439 261 res
467 227 558 260 erat
572 251 585 272 ‚
606 215 753 262 minus
780 216 930 263 similis
951 218 1048 264 veri
1068 218 1159 265 visa
1179 218 1255 266 est.
1293 238 1416 268 aemu«⁵

137 291 334 333 lationem
353 286 534 347 profi’c‘lo
559 304 676 347 alque
697 288 839 334 ‘odizmz
859 288 934 351 eff}
952 307 968 334 .·
991 289 1032 336 G·
1053 294 1102 336 id
1125 294 1272 337 crimen
1292 291 1417 355 affir-

137 364 198 415 ri,
213 365 327 421 quod
337 395 349 418 ,
367 365 467 421 quia
486 363 613 427 testem
639 363 781 407 habere
805 381 888 407 non
898 362 1047 427 poffit,
1068 365 1231 411 liberius
1235 366 1418 427 fingenti

121 430 202 494 fit.
231 433 292 477 lta
322 430 423 476 inde
454 430 612 478 d'uniffi
643 429 756 477 sunt.
789 448 872 478 nec
900 434 1083 481 Blattius
1119 448 1220 481 ante
1251 435 1417 482 abstitit

96 509 103 528 ⁸
136 515 285 549 tamen
306 514 393 549 tam
412 502 568 550 audaci
584 502 791 566 incepto,
807 521 942 567 quam
960 507 1076 552 idem
1096 507 1417 567 obtundendo,

137 573 460 636 docemquue,
489 592 622 638 quam
645 592 695 621 ea
721 592 790 621 res
817 577 918 638 ipfis
945 579 1188 641 patriaeque
1218 578 1417 627 salutaris

136 645 264 703 effer,
293 646 515 708 pervicit,
542 658 592 692 ut
628 647 875 708 praefidium
905 650 1124 697 Punicum
1151 651 1418 714 (quingenti

135 728 287 763 autem
320 718 529 763 Numidae
558 718 705 781 erant)
728 719 994 783 Salapiaque
1019 723 1267 768 tiaderetur
1291 724 1418 769 Mar-

137 791 270 838 cello.
300 792 396 839 Nec
416 791 505 838 fine
526 793 644 838 caede
664 793 802 838 multa
825 794 937 839 tradi
968 796 1130 856 potuit.
1159 797 1295 859 longe
1315 795 1416 843 for-

135 863 284 910 tiffimi
307 865 512 929 equitum
533 876 635 910 toto
653 865 825 917 Punico
846 868 1046 914 exercitu
1068 880 1205 914 erant.
1231 872 1385 933 Itaque
1399 903 1419 930 ,

132 952 386 1001 quanquam
407 937 653 1000 improvisa
673 955 740 986 res
766 938 872 995 fuit,
898 955 979 987 nec
999 940 1098 987 usus
1127 957 1348 1004 equorum
1367 943 1418 990 in

134 1007 247 1054 urbe
272 1021 392 1063 erat3
416 1020 561 1054 tamen
575 1039 589 1065 9
610 1009 741 1055 armis
769 1009 886 1056 inter
906 1011 1147 1057 tumultum
1167 1012 1304 1075 captis
1318 1041 1344 1070 ,’
1365 1015 1419 1061 δε

133 1081 418 1143 eruptionem
446 1093 763 1138 tentaverunt,
786 1085 835 1130 ὅ(
851 1117 866 1139 ,
898 1101 1000 1129 cum
1029 1085 1222 1131 evadere
1253 1087 1417 1149 nequi-

131 1163 255 1209 rent,
279 1164 523 1215 pugnantes
544 1154 598 1199 ad
623 1153 831 1215 ultimum
853 1155 1178 1203 occubuerunt.
1211 1174 1294 1204 nec
1314 1158 1417 1220 plus

132 1223 458 1288 quinquaginta
492 1243 547 1272 ex
586 1226 656 1272 his
695 1226 742 1272 in
774 1228 1038 1288 potestatem
1078 1228 1273 1275 hostium
1313 1229 1417 1277 vivi

136 1306 372 1340 venerunt.
410 1293 594 1357 plusque
627 1294 861 1358 aliquanto
891 1297 1041 1342 damni
1068 1298 1165 1344 haec
1185 1299 1252 1344 ala
1282 1298 1415 1361 equi-

131 1374 233 1410 ‘tum
253 1364 401 1410 amiffa
418 1365 677 1422 Hannibali,
693 1383 825 1428 quam
843 1367 1039 1428 Salapia,
1061 1366 1170 1415 fuit:
1189 1385 1272 1415 nec
1289 1370 1417 1415 dein-

133 1436 188 1483 de
205 1436 408 1498 unquam'
422 1437 590 1483 Poenus
610 1438 733 1501 (quo
757 1438 894 1502 long-e
913 1439 1159 1501 plurimum
1182 1440 1413 1506 valuerat)
1443 1447 1447 1449 ’

133 1507 332 1572 equitatu
355 1506 558 1569 superior
584 1508 683 1555 fuit

198 1582 422 1630 XXXIX.
452 1583 535 1626 Per-
552 1581 669 1627 idem
698 1593 905 1650 tempus,
929 1599 1032 1629 cum
1052 1582 1098 1629 in
1117 1600 1217 1631 arce
1235 1585 1416 1649 Taren*⁸

131 1656 225 1704 tina
244 1655 325 1700 vix
347 1654 501 1716 inopia
525 1654 771 1700 tolerabilis
792 1655 922 1713 effer,
946 1656 1065 1718 spem
1093 1673 1274 1703 omnem
1297 1675 1416 1720 piae-

133 1729 313 1786 fidium,
331 1728 458 1791 quod
476 1727 539 1773 ibi
557 1739 671 1785 erat,
688 1691 942 1779 Romanum
962 1728 1282 1794 12raefe&t1sq11e
1301 1748 1415 1792 prae-0

131 1800 231 1851 fidii
256 1811 390 1863 atque
419 1799 530 1846 arcis
564 1801 623 1844 M.
650 1799 802 1847 Livius
831 1800 878 1846 in
908 1802 1233 1848 commeatibus
1264 1803 1318 1848 ab
1347 1803 1414 1849 Si-
1455 1807 1457 1809 ’

132 1873 237 1922 cilia
256 1871 387 1918 miffis
408 1871 646 1918 habebant.
684 1872 760 1934 qui
780 1886 828 1917 ut
848 1884 949 1918 tuto
975 1875 1414 1935 praeterveherentur

135 1962 264 1994 oram
288 1943 454 1999 Italiae,
488 1943 627 1989 claffis
657 1942 815 2005 viginti
853 1943 991 1990 ferme
1027 1945 1213 1991 navium
1248 1943 1416 2008 Rhegii

135 2019 283 2066 stabat.
300 2018 488 2062 Praeerat
506 2015 623 2061 elafii
646 2017 1050 2079 commeatibusque
1068 2018 1131 2063 D.
1145 2017 1413 2076 Quinetius,

135 2091 332 2140 obscuro
361 2105 521 2153 genere
545 2101 698 2145 orum,
721 2102 919 2136 ceterum
945 2090 1096 2136 multis
1128 2090 1322 2137 fortibus
1349 2090 1414 2137 fa-

134 2164 214 2212 &is
240 2161 385 2226 gloria
413 2159 592 2206 militari
622 2161 812 2208 illustris.
840 2162 992 2207 Primo
1021 2162 1220 2225 quinque
1249 2179 1414 2222 naves,

131 2252 318 2301 quarum
337 2233 541 2279 maximae
562 2235 658 2280 duae
681 2234 878 2281 triremes
901 2253 924 2281 a
947 2233 1161 2281 Marcello
1181 2234 1220 2281 ei
1239 2235 1412 2283 traditae.

134 2318 262 2356 erant
276 2341 290 2365 ‚
309 2306 460 2351 habuit
480 2324 490 2352 ε
508 2308 659 2368 postea
679 2324 771 2354 rem
792 2307 977 2371 impigre
995 2307 1107 2371 saepe
1135 2307 1302 2371 gerenti
1323 2320 1410 2356 tres

135 2381 295 2430 additae
314 2381 654 2442 quinqueremes
672 2399 686 2431 t
703 2381 932 2448 postremo
959 2380 1050 2447 ipse
1075 2399 1100 2429 a
1119 2380 1274 2444 sociis,
1296 2379 1410 2432 Rhee

202 2460 250 2511 T,
278 2459 372 2504 Liv.
407 2459 451 2504 V
449 2458 502 2509 ol,
531 2459 612 2508 IV.
1123 2452 1160 2502 Z
