1628 2890
261 123 838 173 HISTORIARUM
872 123 1004 168 [ΑΒ.
1038 120 1239 167 XXVI.
1318 133 1406 182 373

132 232 230 281 satis
258 231 506 289 facultatis,
537 246 623 292 pro
650 228 730 275 suo
760 228 912 276 animo
941 238 1072 290 atque
1101 225 1220 273 illius
1249 241 1350 289 erga
1368 224 1414 272 se

130 309 326 366 merito,
361 308 477 355 effer.
519 309 726 354 Parentes
769 305 873 352 inde
917 304 1186 368 cognatique
1220 301 1414 364 virginis

129 385 349 448 appellati.
386 385 485 450 qui,
515 383 731 448 quoniam
755 382 888 448 gratis
918 381 998 428 fibi
1027 381 1283 427 redderetur
1314 377 1413 426 vir-

129 480 214 527 go,
244 464 299 510 ad
329 480 461 527 quam
492 462 796 509 redimendam
819 460 900 508 sais
933 477 1143 523 magnum
1170 456 1413 506 attuliffent

129 542 228 589 auri
263 543 464 606 pondus,
492 558 622 589 orare
644 540 926 604 Scipionem,
962 551 1012 586 ut
1033 539 1079 586 id
1097 538 1150 585 ab
1173 536 1215 584 se
1238 536 1412 583 donum

130 618 380 681 acciperet,
399 629 661 682 coeperunt:
694 617 814 665 haud
837 616 1061 663 minorem
1081 614 1176 678 ejus
1205 612 1270 660 rei
1294 611 1413 675 apud

129 694 172 742 se
192 697 374 759 gratiam
407 695 602 744 futuram
627 695 736 754 effe,
762 695 1054 752 affirmantes,
1074 708 1210 755 quam
1229 690 1412 738 redditae

128 772 364 824 inviolatae
378 775 497 823 foret
511 775 715 840 virginis.
732 773 908 836 Scipio,
928 773 1110 837 quando
1127 783 1255 818 tanto
1271 786 1413 833 opere

129 866 357 916 peterent,
377 867 662 919 accepturum
685 853 727 900 se
747 852 1006 916 pollicitus,
1027 849 1140 914 poni
1157 861 1256 896 ante
1277 848 1414 911 pedes

128 929 271 994 juffit:
304 946 568 998 vocatoque
603 933 659 981 ad
680 931 721 978 se
750 930 961 989 Allucio,
997 934 1131 990 Super
1162 927 1412 986 dommin-

129 1010 251 1073 quit,
278 1032 399 1073 quam
420 1030 657 1074 accepturus
675 1031 702 1058 a
714 1011 857 1072 sbcero
892 1027 960 1067 es,
991 1011 1072 1054 lzaec
1097 1009 1171 1053 tibi
1199 1025 1227 1051 a
1245 1025 1305 1051 me
1331 1008 1411 1052 do-

130 1092 234 1134 talia
255 1095 369 1137 dona
392 1094 610 1138 accedent.-
639 1103 885 1151 aurumque
916 1085 1100 1140 tollere,
1134 1100 1187 1131 ac
1216 1082 1297 1130 fibi
1327 1082 1412 1129 ha-

128 1167 234 1214 bere
258 1167 389 1231 juffit.
420 1170 501 1217 His
533 1170 660 1217 laetus
686 1168 818 1216 donis
846 1164 1188 1230 honoribusque
1214 1163 1412 1211 dimissus

49 1275 54 1278 <
128 1247 346 1306 domum,
378 1248 587 1312 implevit
617 1248 857 1312 populares
889 1246 1093 1293 laudibus
1122 1244 1290 1292 meritis
1317 1243 1412 1290 Sci·

125 1326 305 1389 pionis:
338 1332 383 1373 V
380 1326 500 1392 enzffi
525 1330 635 1374 Diis
652 1327 922 1392 stmillimum
940 1325 1165 1383 juvenem,
1185 1327 1410 1371 vincentem

128 1410 294 1465 omnia,
316 1426 406 1454 cum
435 1410 588 1466 armis,
618 1423 707 1453 tum
734 1409 982 1469 benignitate
1006 1424 1055 1451 ac
1082 1405 1294 1464 beneficiis.
1324 1406 1412 1451 Ita-

127 1502 246 1549 que,
274 1485 444 1532 deleftu
474 1484 706 1533 clientium
734 1473 917 1543 habite,
948 1501 1050 1532 cum
1084 1482 1262 1530 delectis
1287 1481 1412 1529 mille

126 1567 179 1613 &
194 1564 528 1629 quadringentis
557 1565 781 1630 equitibus
804 1563 921 1611 intra
939 1580 1107 1628 paucos
1129 1561 1221 1611 dies
1242 1562 1298 1610 ad
1317 1562 1412 1611 Sci-

128 1658 314 1706 pionem
343 1652 544 1688 revertit.

190 1721 260 1768 LI.
297 1719 449 1782 Scipio
475 1730 695 1767 retentum
716 1718 863 1767 secum
882 1718 1091 1777 Laelium,
1135 1718 1242 1765 dum
1271 1716 1416 1781 capti-³

128 1813 218 1846 vos
247 1797 511 1862 obsidesque
541 1801 590 1846 &
619 1799 815 1862 praedam
838 1815 895 1845 ex
922 1797 1114 1845 consilio
1140 1795 1234 1859 ejus
1258 1796 1413 1860 dispo·

127 1886 286 1931 neret,
313 1873 412 1921 satis
444 1874 657 1922 omnibus
685 1873 976 1936 compositis,
1006 1873 1105 1920 data
1137 1873 1415 1937 quinquere-

128 1970 229 2012 me,
258 1952 566 2016 captivisque,
598 1956 796 2017 Magone
823 1956 872 2001 ὅ(
891 1953 1148 2016 quindecim
1175 1952 1267 2001 fere
1287 1952 1414 2000 sena-

129 2032 333 2091 toribus,
359 2032 436 2095 qui
466 2031 594 2079 simul
619 2049 719 2080 cum
748 2049 804 2079 eo
835 2034 953 2096 capti
985 2045 1137 2092 erant,
1169 2033 1217 2079 in
1247 2050 1414 2082 navem

129 2106 382 2170 impolitis,
417 2108 623 2154 nuntium
659 2107 861 2156 vifioriae
897 2109 1092 2155 Romam
1124 2107 1276 2155 mittit.
1320 2108 1414 2172 ipse

129 2201 300 2246 paucos
330 2185 454 2244 dies,
486 2184 649 2248 quibus
683 2188 849 2233 morari
877 2187 1151 2252 Carthagine
1181 2188 1416 2249 statuerat,

125 2262 389 2309 exercendis
417 2262 648 2310 navalibus
674 2263 1034 2329 pedestribusque
1066 2265 1211 2328 copiis
1234 2266 1412 2314 absum-

127 2338 195 2386 sit.
230 2340 380 2387 Primo
420 2341 490 2387 die
522 2341 725 2405 legiones
754 2343 801 2390 in
837 2342 971 2391 armis
1003 2357 1198 2408 quatuor
1220 2345 1413 2393 millium

129 2417 271 2482 spatio
291 2419 610 2470 decurrerunt:
632 2419 830 2472 secundo
851 2422 923 2473 die
941 2441 1060 2473 arma
1079 2440 1237 2473 curare
1258 2426 1413 2474 &ter-

1014 2499 1091 2543 Aa
1125 2512 1149 2559 3
