1628 2890
196 155 293 197 444
564 129 1118 179 TITILIVII

199 241 429 290 confidere
458 238 593 299 iubet.
624 252 799 299 tempus
827 233 1090 297 exsurgendi
1119 250 1173 279 ex
1202 229 1396 289 insidiis,
1427 231 1477 278 &

196 314 477 377 aggrediendi
504 311 701 369 hostem,
735 310 808 357 Ti.
831 308 1073 355 Claudium
1101 304 1296 351 Asellum
1332 303 1478 349 tribu-

197 404 306 433 num
322 386 515 432 militum
529 386 579 431 &
593 384 638 428 Ρ.
652 382 896 430 Claudium
912 379 1169 443 praefetstum
1183 377 1355 424 socii-tm
1370 378 1479 422 edo-

198 472 296 517 cet,
328 474 445 522 quos
466 475 569 504 cum
594 456 646 503 iis
666 455 884 502 mittebat.
917 452 1012 516 Ipse
1034 452 1131 499 luce
1153 451 1296 514 prima
1323 450 1480 512 copias

198 546 356 578 omnes
375 528 575 592 peditum
596 526 888 590 equitumque
909 523 957 569 in
976 523 1117 571 aciem
1137 522 1306 569 eduxit.
1335 522 1480 569 Paulo

196 603 299 667 post
318 605 365 649 &
383 605 437 648 ab
449 599 702 646 Hannibale
722 599 894 662 signum
913 612 1076 659 pugnae
1094 593 1377 657 propositum
1395 592 1479 640 est:

198 676 460 735 clamerque
480 671 527 716 in
551 670 699 716 castris
718 669 773 716 ad
793 685 913 715 arma
932 664 1273 712 discurrentium
1291 663 1353 711 est
1373 663 1479 710 sub-

199 747 326 792 latus.
363 745 465 790 inde
494 759 627 805 eques
661 741 880 805 pedesque
912 740 1115 788 certatim
1149 739 1291 802 portis
1316 753 1478 795 ruere,

200 836 253 865 ae
282 817 416 881 palati
449 832 528 878 per
560 831 767 878 campum
794 829 1039 877 properare
1069 812 1125 859 ad
1154 810 1313 857 hostes,
1346 811 1480 868 Quos

200 892 276 938 ubi
313 889 474 936 effusos
510 887 665 936 consul
701 887 855 946 videt,
891 886 1077 933 tribuno
1110 884 1305 932 militum
1336 882 1480 928 tertiae

199 964 390 1029 legionis
420 964 474 1009 C.
495 960 801 1023 A·2runcv.11ej0
822 960 1037 1023 imperat,
1060 970 1110 1005 ut
1139 957 1307 1022 equites
1333 955 1481 1018 legio-

201 1038 269 1085 nis
284 1073 297 1095 9
317 1047 488 1099 quanto
508 1036 708 1082 maximo
729 1035 901 1097 impetu
920 1033 1074 1096 poffit‚
1093 1032 1140 1078 in
1161 1030 1334 1078 hostem
1355 1029 1483 1076 emit·

200 1122 278 1155 tat.
314 1108 375 1155 ita
400 1123 619 1170 pecorum
650 1107 792 1153 modo
825 1103 1152 1167 incompofitos
1189 1114 1291 1149 toto
1327 1101 1482 1164 pasfim

203 1197 363 1244 campo
394 1180 436 1231 se
465 1179 624 1227 fudiffe
643 1215 658 1237 ‚
690 1190 741 1226 ut
768 1177 902 1226 sterni
926 1175 1194 1239 obterique,
1226 1173 1482 1237 priusquam

199 1254 496 1311 instruantur,
523 1252 702 1316 possint.

263 1326 400 1372 XLII.
436 1326 655 1372 Nondum
684 1322 909 1371 Hannibal
937 1338 961 1369 e
987 1321 1135 1369 castris
1154 1318 1346 1376 exierat,
1379 1335 1482 1367 cum

199 1397 494 1462 pugnantium
518 1398 760 1444 clamorem
786 1395 972 1444 audivit.
1005 1395 1154 1459 itaque
1171 1429 1184 1453 ,
1213 1393 1385 1440 excitus
1407 1406 1481 1439 tu-
1546 1421 1557 1426 -

201 1469 374 1528 multu,
403 1470 566 1532 raptim
596 1470 651 1516 ad
680 1468 852 1515 hostem
877 1466 1032 1530 copias
1063 1465 1164 1529 agit.
1198 1466 1285 1512 Jam
1309 1465 1482 1527 primos

203 1554 505 1605 occupaverat
531 1541 732 1605 equester
757 1553 916 1588 terror.
954 1539 1155 1603 peditum
1177 1539 1308 1584 etiam
1337 1539 1481 1600 prima

203 1616 325 1678 legio
362 1617 410 1662 &
437 1615 593 1662 dextra
619 1614 688 1662 ala
720 1614 934 1678 proelium
968 1613 1154 1659 inibant.
1191 1611 1481 1674 incompositi

202 1689 379 1745 hostes,
398 1701 447 1736 ut
467 1706 691 1754 quemque
710 1702 786 1737 aut
806 1687 974 1752 pediti,
1001 1698 1075 1733 aut
1095 1685 1235 1749 equiti
1260 1683 1381 1732 casus
1399 1685 1482 1732 ob-

199 1763 331 1820 tulit,
351 1762 411 1808 ita
433 1762 674 1810 conserunt
699 1779 868 1810 manus.
903 1760 1057 1809 crescit
1088 1776 1237 1822 pugna
1260 1757 1481 1818 subsidiis,

203 1837 252 1882 δέ
289 1833 663 1896 procurrentium
695 1835 749 1881 ad
781 1846 1006 1881 certamen
1035 1847 1225 1878 numero
1263 1844 1480 1896 augetur:

200 1905 541 1969 pugnantesque
575 1905 733 1969 (quod
754 1906 834 1952 nifi
851 1905 898 1951 in
918 1917 1069 1954 vetere
1086 1902 1287 1950 exercitu
1302 1939 1316 1962 ,
1337 1905 1386 1952 &
1402 1903 1482 1949 du-

200 1977 244 2024 ci
273 1978 420 2024 veteri
440 1978 556 2025 haud
576 1978 706 2026 facile
731 1977 824 2042 est)
848 1979 964 2025 inter
992 1977 1235 2025 tumultum
1254 1994 1306 2024 ac
1330 1988 1482 2025 terro-

201 2068 296 2098 rem
327 2052 595 2100 instruxisset
615 2052 872 2109 Hannibal,
902 2052 950 2098 ni
976 2050 1237 2098 cohortium
1259 2067 1310 2098 ac
1334 2051 1481 2097 mani-

199 2125 414 2187 pulorum
446 2125 777 2172 decurrentium
796 2141 875 2187 per
897 2124 1035 2172 colles
1055 2123 1251 2182 clamor,
1275 2124 1331 2170 ab
1349 2135 1480 2188 tergo

201 2197 402 2257 auditus,
430 2210 626 2256 metum,
647 2215 703 2245 ne
731 2197 1138 2244 intercluderentur
1165 2212 1189 2242 a
1214 2195 1385 2253 castris,
1406 2194 1480 2241 ina

199 2266 379 2331 jeciffet.
416 2270 522 2315 Inde
555 2286 703 2331 pavor
731 2269 949 2327 incussus,
981 2270 1032 2315 &
1064 2267 1170 2332 fuga
1196 2267 1348 2331 paffim
1382 2265 1478 2313 fieri

202 2352 355 2403 coepta
381 2340 456 2388 est.
488 2341 728 2405 minorque
754 2343 894 2388 caedes
925 2340 1039 2398 fuit,
1077 2340 1180 2405 quia
1211 2339 1482 2402 propinquie.

203 2425 270 2461 tas
286 2413 527 2463 castrorum
545 2414 802 2464 breviorem
823 2413 968 2480 fugam
981 2413 1189 2479 perculsis
1207 2411 1324 2464 fecit.
1344 2410 1482 2478 Equi÷
