1628 2890
282 149 835 198 HISTORIARUM
877 150 1005 196 LIB.
1045 150 1260 195 XXIII.
1337 165 1422 214 135

199 257 404 304 XXXV.
435 258 484 302 In
506 255 627 302 Italia
648 273 751 303 cum
775 256 875 318 post
898 255 1181 303 Cannensem
1201 272 1394 318 pugnam
1414 294 1431 314 ,

134 327 281 376 fractis
311 328 447 390 partis
467 328 653 376 alterius
675 329 848 377 viribus
865 366 879 385 ‚
909 329 1091 376 alterius
1112 329 1299 377 mollitis
1331 330 1431 375 ani-

135 402 246 460 mis,
278 401 453 466 segnius
483 402 651 448 bellum
674 402 807 448 effer:
839 402 1061 464 Campani
1095 420 1174 465 per
1205 403 1246 448 se
1280 402 1432 451 adorti

134 474 238 522 sunt
262 493 354 522 rem
374 478 627 525 Cumanam
649 477 737 523 suae
759 475 947 522 ditionis
968 476 1137 532 facere3
1161 477 1311 540 primo
1339 475 1432 522 sol-

133 549 355 598 licitantes
371 587 384 610 ,
407 564 458 598 ut
485 551 541 597 ab
562 550 783 596 Romanis
810 549 1067 598 deficerent.
1090 551 1170 597 ubi
1200 551 1245 597 id
1271 568 1433 613 parum

134 623 372 688 processit,
388 624 544 671 dolum
564 623 620 670 ad
638 623 884 686 capiendos
903 640 981 670 eos
1000 637 1279 686 comparant.
1295 625 1430 670 Cam-

133 698 258 761 panis
279 698 491 746 omnibus
513 697 671 745 statum
697 695 966 744 sacrificium
993 697 1048 743 ad
1068 700 1245 744 Hamas.
1280 714 1335 743 eo
1366 696 1432 743 se-

132 783 288 819 natum
306 774 588 836 Campanum
608 782 854 820 venturum
876 770 1091 818 certiores
1110 773 1344 818 Cumanos
1363 770 1430 818 fe—

120 861 292 893 ·cerunt
318 865 328 894 :
351 845 699 910 petieruntque,
732 856 780 891 ut
816 846 866 892 δέ
896 845 1132 891 Cumanus
1167 861 1224 891 eo
1256 844 1432 892 senatus

133 919 311 968 veniret
337 921 393 968 ad
426 919 776 968 consultandum
802 916 1137 976 communiter,
1168 928 1218 964 ut
1251 918 1431 969 eosdem

132 1007 322 1057 uterque
352 993 552 1058 populus
587 992 739 1040 socios
772 991 1010 1056 hostesque
1034 991 1218 1038 haberet
1241 1010 1252 1038 1
1278 993 1429 1055 praefi-

129 1067 254 1114 dium
282 1067 343 1114 ibi
365 1078 586 1115 armatum
610 1066 698 1113 sese
721 1064 986 1123 habituros,
1021 1081 1077 1110 ne
1100 1064 1213 1128 quid
1241 1065 1296 1110 ab
1328 1066 1430 1112 Ro-

129 1156 268 1187 mano
298 1143 507 1190 Poenove
538 1138 730 1204 periculi
762 1138 880 1186 effet.
906 1137 1103 1185 Cumani
1135 1137 1427 1202 (quanquam

128 1210 325 1274 suspffla
355 1212 477 1260 fraus
513 1211 642 1275 erat)
680 1211 793 1258 nihil
827 1212 1050 1266 abnuere;
1080 1210 1140 1257 ita
1175 1211 1265 1273 tegi
1295 1211 1427 1257 fallax

129 1286 367 1333 confilium
396 1286 521 1350 poss‘e
543 1286 644 1332 rati.
680 1285 865 1332 Interim
887 1286 961 1331 Ti.
988 1285 1281 1347 Sempronius
1308 1301 1427 1332 con-

128 1358 194 1405 sul
213 1361 449 1408 Romanus
470 1358 706 1415 Sinueffae,
728 1374 821 1421 quo
843 1358 899 1404 ad
917 1356 1285 1405 conveniendum
1307 1356 1425 1403 diem

127 1431 329 1479 edixerat
346 1469 360 1492 ‚
382 1433 586 1480 exercitu
607 1431 793 1478 lustrato
807 1467 820 1489 ‚
839 1430 1126 1494 transgressus
1145 1429 1427 1477 Vulturnum

125 1503 296 1553 flumen
308 1542 322 1566 ‚
345 1506 465 1553 circa
483 1506 716 1552 Liternum
735 1502 875 1551 castra
892 1502 1059 1566 posuit.
1077 1501 1164 1561 Ibi,
1181 1501 1284 1564 quia
1301 1501 1426 1549 otio-

124 1580 166 1627 sa
188 1581 348 1630 stativa
376 1593 530 1639 erant,
550 1580 713 1628 crebro
736 1579 979 1625 decurrere
1008 1578 1173 1624 milites
1204 1577 1425 1640 cogebat,

86 1719 89 1723 Ἰ
125 1666 175 1701 ut
202 1655 374 1704 tirones
411 1655 496 1721 (ea
515 1654 711 1702 maxima
738 1670 838 1717 pars
864 1652 1094 1700 volonum
1128 1652 1252 1715 erat)
1281 1650 1425 1699 affue-

124 1728 296 1777 scerent
326 1731 448 1794 signa
480 1728 632 1792 sequi,
665 1729 715 1774 &
747 1728 794 1773 in
825 1726 920 1774 acie
957 1725 1200 1789 agnoscere
1237 1726 1420 1773 ordines

126 1801 243 1852 suos.
277 1804 393 1851 inter
425 1821 525 1867 quae
561 1802 758 1849 maxima
792 1801 936 1847 inerat
969 1817 1077 1847 cura
1112 1799 1246 1860 duci,
1271 1800 1421 1864 itaque

123 1873 279 1937 legatis
312 1875 593 1939 tribunisque
629 1885 929 1937 praeceperat,
958 1892 1010 1919 ne
1041 1892 1123 1935 qua
1158 1876 1421 1933 exprobratio

123 1952 315 2007 cuiquam
335 1950 478 1994 veteris
498 1948 686 2007 fortuna:
714 1948 971 2009 discordiam
993 1951 1100 1994 inter
1121 1951 1287 1993 ordines
1301 1948 1418 2007 sere-

121 2036 180 2066 ret
199 2038 216 2065 .·
237 2038 354 2067 vetus
373 2024 492 2067 miles
512 2025 670 2079 tironi,
690 2024 792 2067 liber
808 2024 955 2067 voloni
968 2023 1060 2082 sese
1084 2020 1419 2084 exaequaristtte-

120 2108 190 2139 ret.
225 2112 365 2139 omnes
375 2096 492 2154 sizcis
513 2095 696 2161 lzomssos
723 2095 1009 2156 generososque
1035 2097 1250 2149 ducerent,
1269 2095 1418 2153 quibus

121 2184 242 2211 arma
255 2168 343 2227 fica
353 2169 563 2232 signaque
575 2172 762 2229 populus
786 2169 1008 2226 Romanus
1035 2165 1302 2232 commiszfflt.
1331 2186 1418 2229 quae

116 2239 292 2293 fortuna
319 2241 499 2306 coegiffit
533 2247 594 2289 ita
609 2246 707 2303 fieri
722 2280 736 2302 ‚
754 2247 926 2289 eandem
955 2262 1089 2306 cogere
1120 2248 1221 2290 tueri
1234 2244 1416 2303 fac‘lum.

118 2314 183 2359 Ea
224 2331 321 2361 non
358 2315 527 2377 majore
563 2333 670 2363 cura
705 2327 930 2379 praecepta
967 2315 1024 2362 ab
1058 2315 1248 2362 ducibus
1284 2315 1415 2375 sunt,

117 2403 254 2449 quam
286 2405 311 2434 a
344 2388 560 2436 militibus
589 2388 854 2445 observata;
888 2388 1109 2452 brevique
1139 2401 1262 2436 tanta
1295 2406 1410 2437 con-

116 2460 272 2508 cordia
290 2461 551 2512 coaluerant
573 2462 782 2511 omnium
805 2462 973 2520 animi,
996 2474 1045 2510 ut
1063 2480 1207 2526 prope
1227 2463 1275 2510 in
1294 2462 1412 2509 obli·

1082 2537 1166 2596 14
