1628 2890
249 165 339 214 252
589 148 1173 206 ,T1T1L1v11

244 255 406 302 fultum
426 254 670 314 volebant,
694 272 826 318 quam
846 254 1045 318 respectu
1065 258 1401 316 Romanorum,
1421 258 1535 305 Car-

240 326 536 390 thaginienses
568 327 615 373 in
635 329 794 374 urbem
814 328 1059 390 accipiunt.
1088 329 1310 376 Consules
1338 347 1361 376 a
1387 332 1532 377 Bene-

241 412 385 446 vento
416 400 464 446 in
488 402 770 464 Campanum
799 419 955 466 agrum
976 401 1179 465 legiones
1211 403 1402 461 ducunt,
1434 420 1533 450 non

238 472 292 517 ad
312 470 535 520 frumenta
552 473 719 532 modo,
740 491 843 537 quae
862 473 950 535 jam
968 474 1015 520 in
1033 473 1232 520 hibernis
1251 487 1402 533 erant,
1424 491 1536 524 corz

239 546 489 607 rumpenda
509 581 522 604 ,
542 545 615 592 sed
635 548 689 593 ad
708 548 911 611 Capuam
931 547 1307 611 oppugnandam3
1330 547 1535 596 nobilem

239 618 282 665 se
308 618 593 666 consulatum
625 631 717 667 tam
747 622 976 685 opulentae
995 622 1117 668 urbis
1143 621 1323 668 excidio
1350 622 1436 669 rati
1463 622 1534 669 fa-

239 693 417 750 &uros‚
433 693 560 739 fimul
580 695 629 741 ὃ(
647 694 803 758 ingens
825 694 1041 759 flagitium
1063 694 1254 757 imperio
1276 695 1533 747 demun-os,

237 766 365 828 quod
385 767 487 813 urbi
506 778 598 814 tam
624 769 896 832 propinquae
915 769 1100 815 tertium
1117 785 1285 831 annum
1312 767 1532 830 impunita

238 839 431 887 defectio
459 841 576 889 effer.
596 844 809 889 Ceterum
824 879 840 900 ,
859 860 915 890 ne
933 845 1244 891 Beneventum
1273 841 1364 888 fine
1383 841 1533 904 praesi-

239 913 319 959 dio
350 913 477 972 effet,
497 914 547 961 δὲ
575 926 624 960 ut
652 915 706 961 ad
738 914 881 963 subita
909 916 1044 975 belli,
1063 915 1095 961 fi
1128 915 1356 962 Hannibal
1380 913 1533 979 (quod

237 986 461 1033 facturum
480 987 597 1033 haud
619 987 904 1054 dubitabant)
923 990 976 1036 ad
994 1005 1130 1051 opem
1150 987 1379 1035 ferendam
1397 986 1533 1035 sociis

238 1060 442 1121 Capuam
464 1059 679 1117 venisset,
700 1061 872 1123 equites
892 1061 988 1108 vim
1007 1061 1218 1108 sustinere
1237 1061 1412 1124 possent
1426 1097 1441 1120 ,
1458 1060 1534 1108 Ti.

238 1132 497 1180 Gracchum
529 1150 586 1179 ex
615 1133 804 1181 Lucanis
835 1152 939 1181 cum
959 1137 1161 1198 equitatu
1187 1151 1238 1182 ac
1267 1134 1358 1182 levi
1388 1153 1533 1182 arma-

237 1215 336 1250 tura
367 1207 680 1253 Beneventum
707 1206 867 1253 venire
903 1203 1092 1268 jubent:
1120 1207 1374 1271 legionibus
1406 1207 1531 1254 stati-

239 1277 398 1342 visque
423 1278 479 1325 ad
508 1278 780 1327 obtinendas
808 1297 876 1327 res
907 1280 955 1327 in
982 1281 1177 1329 Lucanis
1197 1280 1394 1345 aliquem
1411 1298 1530 1345 prae-

238 1349 405 1398 ficeret.

303 1425 427 1471 XVI.
459 1425 673 1472 Graccho
687 1461 700 1483 ,
720 1424 976 1489 prinsquam
998 1442 1055 1472 ex
1081 1425 1271 1474 Lucanis
1291 1438 1529 1487 moveret,

239 1497 505 1547 sacrificanti
545 1499 669 1547 triste
708 1500 966 1564 prodigium
1005 1500 1169 1548 faeium
1207 1501 1280 1549 est.
1318 1502 1373 1549 ad
1404 1517 1531 1560 exta,

238 1572 457 1622 sacrificio
477 1587 760 1638 perpetrat0‚
776 1591 941 1638 angues
962 1575 1055 1621 duo
1073 1591 1128 1621 ex
1149 1575 1338 1622 occulto
1355 1575 1500 1639 allapsi
1513 1610 1530 1634 ‚

239 1648 370 1694 edere
396 1646 554 1710 jecur,
577 1648 894 1712 conspectique
920 1661 1102 1711 repente
1132 1666 1189 1695 ex
1212 1649 1370 1696 ‚oculis
1401 1649 1532 1695 abie-

240 1733 358 1767 runt.
392 1720 438 1767 id
460 1739 561 1768 cum
585 1721 870 1785 haruspicum
888 1721 1066 1769 monitu
1085 1721 1347 1778 sacrificium
1365 1722 1529 1770 instau-

239 1806 440 1852 raretur,
470 1806 603 1858 atque
622 1795 841 1842 intentius
872 1808 975 1843 exta
995 1795 1184 1844 reserata
1215 1796 1528 1844 servarentur:

238 1866 402 1913 iterum
432 1885 484 1915 ac
510 1868 693 1915 tertium
724 1870 894 1918 veniffe
925 1872 1135 1931 tradunt,
1162 1872 1394 1935 libatoque
1419 1870 1531 1934 jeci-

239 1957 351 1987 nore
371 1940 562 1988 intafios
580 1959 747 2005 angues
765 1944 929 1992 abiiffe.
944 1946 1061 1991 Cum
1081 1945 1352 2009 haruspices,
1372 1946 1427 1993 ad
1444 1946 1527 1993 im·

237 2026 495 2076 peratorem
513 2013 559 2060 id
579 2016 801 2077 pertinere
824 2018 1082 2082 prodigium
1097 2054 1111 2077 ‚
1132 2018 1497 2081 praemonuiffent
1513 2053 1531 2076 ‚

238 2090 289 2135 ὅ(
316 2088 372 2134 ab
398 2090 594 2137 occultis
623 2091 877 2138 cavendum
905 2091 1165 2138 hominibus
1194 2091 1492 2156 consultisque
1510 2109 1529 2148 ;

236 2162 362 2209 nulla
394 2176 542 2212 tamen
576 2164 869 2228 providentia
906 2165 1049 2213 fatum
1084 2166 1322 2213 imminens
1349 2166 1529 2214 moveri

238 2235 403 2296 potuit.
438 2237 618 2285 Flavius
641 2240 847 2285 Lucanus
867 2238 956 2285 fuit
973 2274 987 2296 ,
1007 2249 1140 2301 caput
1162 2239 1299 2301 partis
1318 2238 1411 2298 ejus
1434 2241 1530 2285 Lu-

235 2323 456 2355 canorum
474 2344 487 2366 ,
507 2326 608 2356 cum
639 2327 740 2372 pars
756 2311 810 2357 ad
827 2310 1129 2357 Hannibalem
1159 2310 1381 2358 defecisset
1395 2348 1408 2367 ,
1426 2329 1531 2375 quae

237 2397 339 2428 cum
369 2381 587 2429 Romanis
606 2382 769 2430 stabat:
800 2386 850 2432 &
881 2383 970 2446 jam
1002 2401 1158 2432 annuo
1194 2385 1240 2431 in
1276 2385 1530 2449 magistratu

237 2464 360 2515 erat,
377 2453 433 2501 ab
465 2453 626 2504 eisdem
656 2455 744 2504 illis
773 2468 948 2507 creatus
966 2470 1149 2522 praetor.
1175 2460 1239 2522 is,
1259 2472 1427 2507 mutata
1454 2475 1531 2511 ree
