1628 2890
203 153 294 200 300
550 128 1115 180 TITILIVII

200 243 448 300 accusatus,
473 241 756 305 pecuniaque
782 239 1068 303 anquifitum.
1101 235 1266 296 tertio,
1300 235 1484 283 testibus

202 315 312 362 datis
325 351 340 373 ,
356 333 456 361 cum
469 351 483 374 ,
498 327 791 377 praeterquam
811 311 937 375 quod
952 310 1164 358 omnibus
1182 309 1359 374 probris
1377 325 1486 355 one·

204 392 385 437 rabatur
402 426 415 446 ‚
447 389 582 452 jurati
609 387 819 452 permulti
846 387 1076 442 dicerent,
1100 387 1219 448 fugae
1238 385 1488 446 pavorisque

205 464 373 507 initium
400 482 427 507 a
451 479 622 527 praetore
648 477 780 507 ortum
790 479 810 515 ;
844 461 896 504 ab
922 478 966 505 eo
993 458 1166 519 desertos
1194 460 1369 514 milites,
1397 474 1489 501 cum

207 535 326 578 lzaud
354 552 511 579 vanum
547 535 731 578 timorem
759 532 879 576 ducis
909 531 1133 586 crederent,
1167 544 1276 590 terga
1313 524 1458 590 dediffi
1472 544 1492 580 ;

207 615 332 652 tanta
362 604 425 651 ira
452 603 635 652 accensa
665 601 752 659 est,
779 613 828 647 ut
858 600 1003 662 capite
1022 600 1351 662 anquirendum
1373 615 1490 645 con-

211 677 286 725 cio
316 677 618 726 succlamaret.
657 678 730 724 De
760 691 817 721 eo
846 690 1030 737 quoque
1059 689 1238 720 novum
1267 684 1492 719 certamen

212 764 376 798 ortum.
410 769 540 809 nam,
571 767 676 796 cum
705 746 994 808 tribunusbis
1013 745 1202 808 pecunia
1222 743 1494 809 anquififl'et,

213 827 350 873 tertio
384 826 541 889 capitis
575 825 617 872 se
655 824 893 887 anquirere
926 821 1123 876 diceret3
1153 819 1323 866 tribuni
1354 810 1496 881 plebia

217 899 457 964 appellati,
491 904 675 961 collegae,
711 907 961 961 negarunt,
982 896 1033 956 siz
1062 898 1107 941 irz
1138 914 1254 941 mora
1281 891 1386 957 effe,
1420 911 1499 954 quo

216 979 356 1020 minus
370 1010 384 1032 ‚
405 976 517 1035 quod
541 976 577 1018 ei
601 991 708 1018 more
729 971 935 1028 majorum
949 966 1186 1032 permifficm
1214 965 1327 1031 effic,
1347 967 1427 1028 seu
1445 970 1502 1011 le-

214 1049 365 1110 gibus,
383 1047 462 1107 [ἐκ
491 1047 672 1091 moribus
701 1048 869 1097 mallet,
891 1044 1146 1102 anquireret,
1175 1042 1318 1102 quoad
1340 1044 1407 1085 vel
1434 1057 1500 1084 ca·

210 1123 347 1182 pitis,
378 1124 444 1164 vel
462 1120 645 1179 pecunia:
671 1113 897 1179 judicaffit
922 1118 1104 1175 privato.
1136 1113 1257 1159 Tum
1289 1113 1504 1172 Sempro-

222 1192 321 1239 nius
333 1229 344 1248 ,
357 1193 653 1253 perduellionis
661 1191 710 1251 sc
718 1191 914 1247 judicare
938 1191 1013 1233 Cn.
1026 1190 1176 1232 Fulvio
1189 1222 1202 1241 ‚
1218 1185 1355 1241 dixit,
1368 1184 1505 1229 diem-

223 1281 310 1328 que
340 1263 535 1311 comitiis
570 1263 623 1308 ab
656 1263 711 1308 C.
733 1258 985 1322 Calpurnio
1019 1271 1213 1322 praetore
1236 1258 1356 1303 urbis
1382 1258 1510 1319 petit.

223 1338 331 1385 Inde
365 1338 450 1384 alia
481 1337 574 1401 spes
604 1338 658 1383 ab
689 1351 767 1382 reo
802 1344 970 1380 tentata
1002 1332 1091 1379 est:
1129 1332 1160 1378 fi
1194 1332 1333 1378 adeffe
1365 1331 1411 1377 in
1437 1331 1510 1392 ju-

226 1411 351 1458 dicio
381 1413 442 1471 Q.
463 1411 648 1458 Fulvius
676 1409 812 1456 frater
843 1406 987 1469 poffet
1006 1443 1021 1463 ‚
1057 1405 1226 1453 florens
1258 1418 1355 1452 tum
1376 1407 1425 1453 &
1449 1405 1511 1452 fa·
1553 1423 1556 1425 ·

227 1501 301 1531 ma
331 1501 480 1530 rerum
511 1483 752 1547 gestarum,
787 1482 837 1527 &
857 1479 1111 1542 propinqua
1142 1478 1214 1541 spe
1235 1480 1402 1542 Capuae
1426 1495 1514 1541 po-

227 1556 410 1604 tiundae.
447 1556 494 1603 Id
527 1573 629 1603 cum
659 1571 738 1617 per
758 1553 907 1600 literas
927 1551 1234 1598 miserabiliter
1261 1568 1345 1614 pro
1371 1550 1516 1597 fratris

232 1629 378 1692 capite
403 1629 583 1692 scriptas
604 1627 774 1690 petisset
798 1625 1011 1683 Fulvius,
1035 1624 1348 1688 negassentque
1370 1625 1517 1670 Patres

233 1722 258 1751 e
287 1704 514 1767 republica
546 1704 656 1759 effe,
689 1700 866 1749 abscedi
895 1717 919 1747 a
949 1700 1136 1762 Capua3
1166 1697 1396 1761 postquam
1427 1697 1518 1744 dies

235 1777 528 1824 comitiorum
565 1777 712 1835 aderat
733 1811 748 1832 ,
783 1776 867 1821 Cn.
898 1772 1085 1820 Fulvius
1121 1771 1367 1819 exsulatum
1400 1771 1517 1816 Tar-

235 1848 420 1912 quinios
457 1848 580 1895 abiit.
628 1847 674 1893 id
709 1847 750 1893 ei
785 1844 950 1908 justum
987 1844 1187 1891 exsilium
1225 1843 1308 1890 effe
1328 1879 1345 1902 ,
1383 1843 1518 1891 scivit

240 1921 380 1984 plebs.

307 1997 382 2040 IV.
415 1996 532 2040 Inter
554 1993 652 2040 haec
683 1991 755 2040 vis
785 1989 933 2038 omnis
958 1988 1064 2037 belli
1094 1989 1219 2038 versa
1248 1989 1295 2035 in
1323 1990 1523 2052 Capuam

241 2079 349 2113 erat.
389 2066 674 2113 obsidebatur
709 2076 857 2111 tamen
901 2063 1078 2121 acrius,
1117 2080 1250 2126 quam
1285 2077 1524 2124 oppugna-

245 2141 397 2187 batur:
431 2157 515 2187 nec
535 2154 609 2187 aut
626 2138 787 2184 famem
807 2136 1000 2183 tolerare
1023 2135 1201 2182 servitia
1230 2152 1280 2182 ac
1298 2134 1421 2197 plebs
1444 2149 1525 2195 po·

244 2224 417 2272 terant,
448 2226 524 2260 aut
547 2212 724 2260 mittere
747 2210 932 2257 nuntios
955 2209 1009 2255 ad
1032 2207 1330 2254 Hannibalem
1350 2222 1428 2268 per
1450 2221 1527 2251 cu-

246 2285 410 2332 stodias
437 2298 527 2332 tam
557 2286 707 2333 arelas.
745 2287 960 2331 Inventus
988 2280 1048 2326 est
1067 2279 1297 2334 Numida,
1322 2277 1430 2339 qui,
1455 2291 1529 2323 ac-

249 2359 391 2422 ceptis
424 2358 560 2404 literis
576 2395 588 2415 ‚
610 2357 845 2404 evasurum
865 2355 906 2401 se
926 2351 1142 2416 profeffus
1156 2387 1168 2408 ,
1189 2364 1238 2397 ut
1267 2349 1529 2413 promissum

246 2431 502 2496 praestaret,
532 2448 611 2494 per
641 2430 783 2476 media
814 2429 1020 2475 Romana
1053 2423 1193 2472 castra
1225 2424 1355 2470 no&e
1387 2421 1533 2486 egres«
