1628 2890
211 134 305 199 382
570 128 1124 177 T1T1L1v11

215 243 260 291 δ’
286 246 340 289 Ρ.
371 240 608 293 Cornelios,
642 241 901 298 imperatores
927 239 1156 282 Romanos.
1187 253 1298 281 mmc
1319 237 1372 280 ab
1402 234 1491 295 ilfi>

214 322 323 365 velut
337 314 459 372 fbnte
479 329 609 372 petere
630 313 870 356 Romanam
889 313 1120 355 amicitiam
1148 307 1327 371 voluzffe.
1356 308 1494 352 Sena-

213 403 289 436 tus
309 404 404 434 non
420 385 573 448 legatis
594 385 735 430 modo
754 383 946 447 benigne
963 382 1194 446 respondit
1209 419 1222 441 ,
1240 382 1313 428 sed
1332 383 1382 428 &
1402 379 1494 442 ipse

215 462 387 525 legatos
406 476 507 506 cum
535 458 667 504 donis
696 458 750 503 ad
777 473 925 519 regem
955 456 1099 512 misit,
1132 458 1182 502 L.
1205 454 1460 502 Genucium
1479 488 1494 511 ,

215 536 267 581 P.
288 531 558 588 Poetelium,
589 530 634 576 P.
660 528 916 591 Popillium.
949 530 1089 575 Dona
1118 527 1288 585 tulere,
1313 535 1498 589 togam,¹

218 606 271 652 &
300 604 497 650 tunicam
525 618 819 666 purpuream,
844 600 991 647 sellam
1010 601 1277 657 eburneam,
1300 610 1498 661 pateram

218 693 277 723 ex
306 675 503 739 quinque
535 675 694 737 pondo
727 673 826 719 auri
860 672 1032 719 faciam.
1068 672 1277 719 Protinus
1312 673 1362 718 &
1385 669 1498 716 alios

220 748 386 797 Africae
414 748 594 811 regulos
622 745 718 808 juffi
747 746 890 804 adire,
921 746 974 791 iis
1005 760 1188 808 quoque
1218 761 1319 807 quae
1345 742 1500 788 daren-

221 836 296 870 tur
315 858 330 882 ‚
360 833 539 885 portata
554 857 567 878 ,
597 810 716 883 togae
739 831 967 882 praetextae
983 856 996 877 ‚
1025 821 1075 867 δε
1093 830 1218 865 terna
1240 816 1400 880 pondo
1421 830 1502 877 pa-

221 910 329 945 terae
360 913 532 956 aureae.v
552 897 606 940 Et
627 893 942 940 Alexandriam
970 893 1024 939 ad
1049 893 1342 939 Ptolemaeum
1359 890 1501 936 Cleo-

221 982 482 1034 patramque
502 983 627 1030 reges
660 967 725 1013 M.
747 966 909 1012 Atilius
930 968 979 1013 &
1000 964 1178 1012 Manius
1198 964 1368 1011 Acilius
1385 962 1502 1026 lega-

221 1043 285 1101 ti,
302 1043 357 1089 ad
377 1039 815 1089 commemorandam
839 1039 1243 1102 renovandamque
1262 1036 1504 1085 amicitiam

224 1117 339 1166 miffi
355 1153 370 1176 ‚
401 1117 520 1162 dona
548 1113 716 1168 tulere,
747 1112 840 1175 regi
860 1124 1011 1176 togam
1038 1114 1089 1161 &
1114 1113 1310 1159 tunicam
1333 1127 1504 1173 purpu-

225 1206 346 1236 ream
381 1204 483 1234 cum
517 1185 619 1232 sella
654 1184 882 1230 eburnea:
918 1183 1111 1247 reginae,
1147 1183 1308 1245 pallam
1345 1183 1504 1245 pinam

225 1279 331 1311 cum
359 1259 553 1307 amiculo
572 1274 812 1321 purpureo.
849 1257 995 1303 Multa
1022 1273 1071 1303 ea
1101 1257 1272 1314 aestate‚
1293 1273 1381 1319 qua
1407 1258 1506 1303 haec

228 1335 343 1383 faeta
370 1332 492 1390 sunt,
518 1349 572 1377 ex
599 1329 868 1393 propinquis
895 1330 1079 1376 urbibus
1109 1329 1308 1393 agrisque
1334 1328 1509 1375 nuntia-

226 1420 276 1455 ·ta
303 1406 401 1453 sunt
420 1404 651 1468 prodigia:
680 1402 864 1451 Tusculi
891 1420 1053 1466 agnum
1072 1419 1173 1448 cum
1194 1404 1330 1449 ubere
1347 1402 1508 1448 lacien-
1555 1435 1560 1439 -

229 1480 268 1527 ti
297 1489 479 1525 natum:
518 1476 644 1524 Jovis
681 1477 786 1522 aedis
822 1476 999 1523 culmen
1034 1474 1220 1521 fulmine
1255 1474 1388 1521 ictum
1410 1510 1424 1530 ,
1459 1490 1510 1520 ac

232 1569 380 1617 prope
409 1551 535 1599 omni
565 1551 682 1597 tedio
719 1551 964 1597 nudatum:
995 1549 1146 1595 iisdem
1171 1548 1308 1595 ferme
1330 1548 1510 1605 diebus,

232 1626 449 1688 Anagniae
463 1637 623 1671 terram
643 1636 742 1670 ante
763 1637 939 1686 portam
962 1624 1107 1679 ictam,
1128 1622 1243 1667 diem
1261 1639 1312 1669 ac
1334 1623 1512 1668 noctem

232 1699 326 1746 fine
349 1698 444 1744 ullo
474 1697 586 1761 ignis
611 1697 825 1744 alimento
853 1695 1023 1742 arfifse:
1060 1696 1110 1741 &
1138 1712 1270 1753 aves,
1299 1695 1353 1741 ad
1386 1709 1512 1740 com-⁴·

234 1774 379 1837 pitum
402 1772 713 1835 Anagninum,
733 1772 779 1818 in
804 1772 909 1817 luco
930 1771 1092 1816 Dianae
1110 1770 1240 1816 nidos
1261 1770 1307 1815 in
1336 1769 1514 1815 arbori-

235 1849 318 1895 bus
335 1846 554 1909 reliquisse
569 1837 849 1892 :Tarracinae
869 1846 915 1891 in
935 1845 1041 1890 mari
1063 1845 1181 1890 haud
1200 1844 1360 1906 procul
1378 1855 1516 1906 portu

237 1935 403 1982 angues
436 1918 755 1980 magnitudinis
783 1917 905 1962 mirae
924 1952 937 1972 ‚
969 1915 1294 1964 lascivientium
1329 1916 1516 1978 piscium

236 1992 380 2041 modo
405 1991 633 2038 exsultasse
653 2010 663 2037 :
683 1989 943 2052 Tarquiniis
972 2005 1162 2051 porcum
1195 2005 1296 2035 cum
1327 2004 1406 2034 ore
1430 1988 1516 2034 hu-

238 2082 376 2114 mano
409 2065 639 2129 genitum:
676 2066 726 2111 &
761 2065 807 2109 in
844 2079 950 2126 agro
982 2064 1236 2124 Capenate,
1273 2063 1327 2108 ad
1364 2046 1519 2108 lucum

238 2137 443 2184 Feroniae
463 2173 476 2194 ‚
512 2148 708 2199 quatuor
741 2135 857 2198 figna
892 2133 1101 2197 sanguine
1135 2134 1280 2179 multo
1317 2134 1434 2178 diem
1468 2148 1519 2179 ac

243 2213 423 2258 no&em
459 2211 640 2259 sudasse.
688 2212 798 2257 Haec
843 2210 1046 2273 prodigia
1083 2209 1238 2255 hostiis
1275 2207 1519 2267 majoribus

241 2299 484 2351 procurata
504 2288 685 2333 decreto
714 2286 1008 2350 pontificum:
1043 2287 1091 2331 δε
1112 2283 1376 2346 supplicatio
1404 2282 1520 2328 diem

239 2370 385 2406 'unum
426 2359 585 2404 Rornae
625 2360 678 2405 ad
713 2354 865 2404 oninia
903 2357 1185 2419 pulvinaria,
1218 2356 1439 2414 alterum,
1474 2354 1522 2400 in

246 2432 471 2499 ,Capenate
498 2447 605 2499 agro
623 2465 638 2493 ,
675 2431 730 2479 ad
754 2430 955 2478 Feroniae
987 2429 1170 2490 lucum,
1205 2425 1384 2476 indicia.
