1628 2890
230 142 317 189 128
594 141 1154 194 TITILIVII

220 253 468 307 urbanam3
505 253 570 298 M.
599 251 803 299 Valerius
838 253 1049 301 Laevinus
1082 254 1363 319 peregrinam
1401 254 1522 303 sora*

220 338 309 372 tem
343 325 389 370 in
413 323 718 386 jurisdiftione
751 327 924 373 habuit.
964 329 1047 389 Ap.
1072 329 1286 375 Claudius
1314 329 1505 376 Pulcher

221 397 441 454 Siciliam,
462 397 523 455 Q.
545 396 720 443 Mucius
734 398 939 444 Scaevola
960 400 1204 446 Sardiniam
1227 399 1371 447 sortiti
1389 399 1505 447 sunt.

221 470 286 514 M.
316 468 537 516 Marcello
573 486 657 530 pro
697 470 881 517 consule
916 472 1158 534 imperium
1193 474 1276 520 effe
1310 473 1508 536 populus

219 541 365 603 justit,
394 541 520 604 quod
551 541 653 603 post
689 543 970 590 Cannensem
994 544 1165 590 cladem
1191 561 1307 592 unus
1333 546 1507 592 Roma·

219 631 385 660 norum
420 614 750 683 'imperatorum
784 615 831 661 in
867 616 991 663 Italia
1029 616 1240 681 prospere
1278 635 1370 665 rem
1407 616 1505 682 ges-

217 686 343 733 fiffet.

286 760 461 806 XXXI.
488 759 675 807 Senatus
695 796 709 818 ‚
742 778 835 824 quo
857 762 926 808 die
947 762 1142 825 primum
1164 764 1225 811 est
1246 764 1293 810 in
1314 764 1505 827 Capito·-

221 831 286 877 lio
318 831 572 889 consultus,
604 832 838 888 decrevit,
859 847 932 891 ut,
965 852 1059 897 quo
1097 852 1153 881 eo
1188 853 1309 882 anno
1339 836 1506 898 duplex

221 905 439 951 tributum
468 905 787 967 imperaretur,
821 908 1006 970 simplex
1042 908 1277 956 confestim
1305 910 1508 974 exigere-

220 991 321 1036 tur,
340 995 396 1024 ex
417 995 512 1041 quo
535 978 805 1040 stipendium
826 982 1017 1044 praesens
1050 983 1263 1029 omnibus
1292 983 1508 1029 militibus

221 1053 400 1098 daretur
414 1088 428 1109 ‚
447 1064 741 1115 praeterquam
763 1054 841 1117 qui
861 1055 1026 1101 milites
1045 1056 1100 1101 ad
1117 1057 1294 1102 Cannas
1312 1055 1507 1103 fuiffent.

219 1127 297 1174 De
315 1125 585 1172 exercitibus
606 1126 665 1172 ita
694 1127 994 1174 decreverunt
1010 1165 1023 1186 ‚
1043 1141 1096 1175 ut
1126 1130 1292 1176 duabus
1310 1129 1507 1193 legioni-

158 1244 161 1247 ,
220 1199 302 1242 bus
318 1195 501 1240 urbanis
520 1197 592 1236 Ti.
612 1199 906 1253 Sempronius
932 1202 1089 1236 consul
1117 1201 1246 1246 Cales
1265 1202 1316 1245 ad
1338 1215 1506 1247 conve-

222 1267 437 1315 niendum
457 1263 574 1310 diem
594 1264 786 1310 ediceret
807 1282 816 1310 ε
836 1264 937 1310 inde
966 1263 1040 1309 sex
1073 1263 1274 1327 legiones
1304 1262 1350 1308 in
1370 1261 1510 1308 castra

223 1339 467 1387 Claudiana
500 1337 628 1400 supra
661 1337 902 1383 Suessulam
932 1335 1288 1383 deducerentur:
1309 1352 1410 1398 quae
1444 1334 1509 1381 ibi

225 1412 429 1475 legiones
457 1410 619 1465 essent,
659 1408 814 1472 (erant
852 1422 1000 1455 autem
1035 1407 1281 1455 Cannenfis
1315 1406 1509 1452 maxime
1540 1454 1550 1459 ..

227 1480 479 1544 exercitus)
498 1497 566 1527 eas
586 1484 672 1543 Ap.
693 1479 911 1526 Claudius
931 1480 1119 1526 Pulcher
1144 1492 1311 1542 praetor
1329 1477 1375 1523 in
1393 1478 1508 1524 Sici-

227 1557 334 1602 liam
362 1554 610 1616 trajiceret:
638 1570 829 1617 quaeque
865 1554 913 1600 in
943 1554 1093 1600 Sicilia
1125 1554 1286 1611 essent,
1312 1552 1508 1598 Romam

229 1632 587 1693 deportarentur.
624 1630 695 1675 Ad
728 1629 1004 1685 exercitum,
1038 1629 1110 1676 cui
1141 1630 1195 1676 ad
1225 1628 1509 1675 convenien-

230 1706 338 1752 dum
359 1704 490 1750 Cales
509 1702 649 1750 edit‘la
678 1701 770 1749 dies
791 1715 882 1750 erat
899 1739 912 1760 ,
945 1705 1007 1748 M.
1035 1702 1249 1749 Claudius
1271 1700 1510 1747 Marcellus

231 1777 379 1825 miffus
400 1794 410 1822 :
434 1775 554 1839 isque
594 1775 730 1836 juffus
762 1775 809 1820 in
845 1774 981 1822 castra
1011 1774 1256 1821 Claudiana
1292 1773 1513 1818 deducere

232 1852 423 1899 urbanas
452 1849 668 1912 legiones.
697 1848 767 1893 Ad
789 1860 989 1894 veterem
1009 1846 1254 1892 exercitum
1282 1843 1511 1906 accipien-

233 1924 340 1970 dum
362 1921 761 1983 deducendumque
789 1919 892 1964 inde
919 1919 966 1964 in
985 1918 1204 1974 Siciliam,
1225 1917 1280 1962 T.
1316 1915 1511 1961 Metilius

234 1999 383 2045 Croto
402 1996 568 2058 legatus
591 1994 645 2041 ab
668 1996 754 2056 Ap.
775 1992 968 2039 Claudio
990 1993 1051 2039 est
1068 1991 1229 2038 miffus.
1247 1990 1395 2038 Taciti
1416 1989 1512 2052 pri-

236 2088 315 2118 mo
360 2068 722 2131 exspectaverant
762 2067 995 2123 homines,
1024 2067 1089 2111 uti
1124 2064 1282 2112 consul
1328 2062 1513 2111 comitia

238 2143 429 2205 collegae
460 2141 655 2187 creando
686 2140 880 2185 baberet.
921 2138 1107 2195 deinde,
1130 2139 1207 2185 ubi
1232 2136 1512 2198 ablegatum,

239 2217 368 2263 velut
391 2217 443 2261 de
468 2215 705 2269 industria,
736 2216 799 2260 M.
822 2213 1082 2260 Marcellum
1114 2214 1350 2268 viderunt,
1378 2226 1514 2273 quem

240 2289 435 2336 maxime
454 2288 678 2334 consulem
694 2288 739 2333 in
756 2305 858 2334 eum
877 2303 1043 2332 annum
1061 2286 1122 2331 ob
1141 2284 1312 2347 egregie
1332 2284 1377 2328 in
1398 2299 1516 2344 prae-

242 2377 342 2410 tura
370 2379 438 2408 res
464 2362 599 2424 gestas
630 2362 766 2407 creari
802 2360 1047 2416 volebant,
1078 2358 1282 2404 fremitus
1313 2356 1360 2402 in
1397 2354 1518 2402 curia

244 2435 307 2484 est
324 2448 463 2482 ortus.
484 2435 626 2496 Quod
641 2434 720 2481 ubi
737 2433 865 2481 sensit
884 2431 1063 2491 consul,
1087 2435 1330 2492 Utrumque,
1348 2429 1516 2493 inquit,
