1628 2890
228 174 319 203 212.
577 152 1142 201 TITILIVH

226 265 282 312 ab
309 262 439 327 regiis
456 259 669 309 obfeffam
691 261 843 320 duxit,
868 263 918 309 &
936 262 1067 308 no&e
1082 299 1096 319 ,
1117 261 1176 309 ita
1196 272 1245 308 ut
1269 278 1404 308 nemo
1423 261 1515 307 ho-

225 339 358 384 stium
378 336 557 383 sentiret
574 372 589 392 ‚
619 336 778 382 urbem
802 335 864 383 est
890 335 1118 399 ingressus.
1148 336 1238 383 Die
1266 334 1514 398 insequenti

224 411 470 472 quievere,
506 409 611 454 dum
651 408 885 470 praefectus
922 406 1206 468 juventutem
1240 406 1514 469 Apollonia-

223 481 336 526 tium
351 516 364 537 ,
386 496 596 542 armaque
623 480 672 527 &
692 479 816 526 urbis
836 478 956 526 vires
976 476 1228 540 inspiceret.
1256 477 1334 524 ubi
1355 494 1404 524 ea
1423 476 1517 524 visa

225 555 510 616 inspefilaque
538 553 639 600 satis
660 553 915 600 animorum
938 551 1084 599 fecere
1101 587 1113 610 ,
1134 550 1348 614 fimulque
1366 552 1422 598 ab
1438 568 1519 597 ex-

221 627 536 691 ploratoribus
568 626 818 689 comperit,
857 636 1019 689 quanta
1051 623 1257 670 socordia
1289 641 1340 669 ac
1376 623 1518 686 negli-

223 700 375 764 gentia
411 699 529 763 apud
567 699 716 746 hostes
753 699 887 753 esset3
927 698 1102 745 filentio
1135 697 1279 743 nofitis
1314 696 1370 743 ab
1408 697 1518 742 urbe

223 775 317 821 fine
339 773 436 820 ullo
460 772 653 819 tumultu
675 773 865 836 egrefl'us
881 808 895 830 ,
926 770 1060 818 castra
1084 770 1281 816 hostium
1305 769 1417 816 adeo
1435 787 1518 816 ne·-

220 847 366 910 glefflt
407 857 541 908 atque
583 857 734 908 aperta
773 843 989 903 intravit,
1027 855 1077 890 ut
1120 842 1220 890 satis
1264 842 1517 899 constaret,

223 920 349 983 prius
377 917 499 965 mille
524 918 761 964 hominum
794 917 963 964 vallum
1002 916 1205 974 intrasse,
1235 933 1366 979 quam
1396 914 1519 979 quis-

224 1011 359 1057 quam
382 991 592 1039 sentiret:
614 1008 664 1038 ac
680 1027 694 1050 ,
716 992 748 1037 fi
775 992 893 1038 caede
921 990 1254 1048 abstinuifl'ent',
1277 989 1518 1052 pervenire

224 1068 282 1114 ad
304 1066 638 1114 tabernaculum
661 1066 839 1129 ‘regium
867 1064 1071 1127 potuifl'e.
1099 1061 1256 1109 Caedes
1277 1062 1518 1125 proximo-

223 1157 326 1187 rum
353 1150 500 1201 portae
526 1137 746 1185 excitavit
772 1137 935 1183 hostes.
963 1136 1066 1183 inde
1094 1148 1242 1182 tantus
1262 1149 1411 1181 terror
1436 1152 1517 1197 pa-

225 1227 403 1273 vorque
427 1225 584 1255 omnes
607 1208 887 1271 occupavit,
914 1221 964 1254 ut
983 1225 1080 1255 non
1100 1209 1241 1254 modo
1263 1208 1374 1254 alius
1395 1207 1517 1271 quis-

222 1299 360 1345 quam
385 1298 502 1327 arma
534 1293 740 1343 caperet,
769 1292 845 1327 aut
867 1279 1014 1328 castris
1041 1279 1206 1342 pellere
1237 1278 1412 1325 hostem
1434 1296 1519 1325 co-

225 1367 433 1411 nat-etun
467 1355 540 1401 sed
575 1354 708 1400 etiam
742 1353 835 1416 ipse
869 1366 977 1411 rex,
1004 1352 1119 1400 ficut
1149 1351 1311 1399 somno
1346 1352 1518 1399 excitus

225 1440 348 1486 erat,
369 1443 513 1490 prope
540 1426 794 1474 seminudus
818 1425 992 1489 fugiens
1007 1461 1020 1481 ,
1042 1423 1174 1471 militi
1202 1441 1413 1488 quoque,
1436 1441 1517 1471 ne-
1540 1442 1551 1446 ··

228 1501 337 1548 dum
359 1501 478 1564 regi,
504 1500 584 1548 vix
609 1500 780 1546 deco-ro
810 1497 965 1544 habitu
983 1533 995 1553 ‚
1025 1496 1080 1543 ad
1106 1495 1273 1543 flumen
1296 1496 1518 1560 navesque

226 1572 485 1637 perfugerit.
523 1571 683 1618 eodem
720 1572 770 1618 &
807 1569 892 1616 alia
928 1569 1055 1616 turba
1087 1568 1222 1615 effusa
1263 1567 1340 1615 est.
1375 1568 1519 1615 Paulo

227 1646 376 1692 minus
400 1645 482 1690 tria
509 1643 651 1690 millia
677 1643 869 1690 militum
900 1642 946 1689 in
977 1641 1125 1689 castris
1157 1651 1232 1687 aut
1260 1652 1416 1703 capta,
1442 1651 1518 1688 aut

224 1719 391 1768 occisa.
438 1719 538 1781 plus
572 1729 722 1764 tamen
760 1716 997 1763 hominum
1036 1715 1269 1779 aliquanto
1306 1727 1516 1777 captum,

226 1810 363 1858 quam
383 1791 569 1851 caesum,
593 1790 668 1847 eff.
691 1790 856 1837 Castris
883 1789 1067 1852 direptis
1082 1824 1097 1846 ‚
1119 1787 1423 1851 Apolloniatae
1444 1805 1518 1835 ca-

226 1866 447 1930 tapultas,
484 1865 706 1921 ballistas,
740 1874 1056 1926 tormentaque
1090 1861 1200 1920 alia,
1233 1879 1335 1925 quae
1369 1878 1518 1924 oppu-

226 1940 418 2005 gnandae
449 1939 551 1986 urbi
580 1949 841 2000 comparata
870 1948 1020 1994 erant,
1041 1937 1096 1984 ad
1122 1936 1287 1983 tuenda
1320 1935 1518 2000 moenia,

224 2015 259 2061 si
278 2012 463 2077 quando
489 2012 639 2058 fimilis
667 2011 853 2058 fortuna
875 2009 1093 2068 venisset,
1118 2009 1412 2072 Apolloniam
1439 2010 1516 2055 de-

226 2101 429 2132 vexere:
466 2096 611 2132 cetera
644 2083 795 2130 omnis
830 2083 979 2146 praeda
1018 2082 1265 2129 castrorum
1302 2081 1517 2128 Romanis

227 2156 433 2204 concessa
451 2157 526 2204 est.
560 2157 670 2203 Haec
702 2173 805 2203 cum
827 2155 1018 2202 Oricum
1047 2154 1184 2200 effent
1204 2153 1430 2211 nuntiata,
1453 2155 1516 2200 M.

229 2228 433 2274 Valerius
452 2227 626 2275 classem
644 2226 876 2289 extemplo
895 2226 949 2272 ad
969 2224 1133 2270 ostium
1149 2223 1347 2269 fluminis
1365 2223 1516 2281 duxit,

230 2317 287 2347 ne
310 2300 506 2347 navibus
529 2299 746 2362 capessere
767 2298 915 2361 fugam
943 2313 1023 2343 rex
1051 2296 1208 2359 poffet.
1243 2299 1394 2358 ltaque
1412 2295 1516 2341 Phi-

227 2373 402 2436 lippus,
422 2388 568 2435 neque
585 2370 805 2428 terrestri,
823 2386 970 2433 neque
992 2368 1139 2416 navali
1159 2367 1398 2415 certamine
1416 2367 1516 2414 satis

229 2446 328 2493 fore
361 2462 513 2510 parem
544 2445 584 2492 se
614 2443 780 2501 fidens,
806 2443 1030 2491 subdufi'tis
1062 2454 1138 2490 aut
1161 2441 1350 2491 incensis
1380 2439 1515 2488 navi-
