1628 2890
264 186 807 238 HISTORIARUM
852 184 980 230 LIB.
1023 181 1214 228 XXIV.
1291 181 1377 243 169

94 301 274 348 lifflores
303 297 358 344 ad
386 312 486 342 eum
518 293 731 341 accedere
752 291 906 339 consul
935 290 1066 352 juffit.
1100 290 1176 343 &‚
1200 287 1302 350 quia
1331 288 1378 335 in

92 374 251 420 urbem
277 386 371 416 non
392 369 581 425 inierat,
606 365 814 428 protinus
847 364 891 410 in
920 380 1123 420 camoum
1146 378 1200 407 ex
1222 361 1380 407 itinere

95 444 344 509 Ρῑοξεὲἶυε,
364 404 622 497 admonuit,
643 456 745 485 cum
769 437 993 482 securibus
1015 436 1093 480 fibi
1113 433 1246 480 falces
1264 451 1381 495 prae-

95 516 217 565 ferri,
242 518 408 562 lterum
430 511 733 576 przeroqativa
751 508 1030 572 suffragium
1022 508 1132 562 init3
1155 507 1381 570 creatique

94 594 141 639 in
169 608 216 637 ea
244 588 449 638 consules
489 588 549 646 Q.
585 584 742 630 Fabius
780 583 1006 629 Maximus
1039 594 1280 644 quartum,
1315 583 1381 632 M.

94 663 336 712 Marcellus
362 660 559 706 tertium.
585 657 775 704 Eosdem
805 655 1009 702 consules
1031 668 1190 702 ceterae
1221 671 1381 702 centu-

95 738 176 783 riae
207 736 298 782 fine
328 732 580 779 variatione
610 730 699 777 ulla
727 730 950 775 dixerunt.
986 730 1041 773 Et
1071 740 1239 789 praet'or
1266 744 1382 774 unus

95 808 286 856 refectus
321 808 383 867 Q.
415 804 600 852 Fulvius
633 802 849 849 Flaccus:
882 792 997 848 noxii
1022 799 1096 846 alii
1128 799 1292 855 creati,
1323 801 1382 847 T.

98 879 319 927 Otacilius
343 877 520 925 Craffus
541 875 698 922 iterum
713 910 726 931 ‚
759 874 820 934 Q.
841 872 998 918 Fabius
1018 871 1213 919 consulis
1233 870 1350 917 filius
1367 908 1382 930 ‚

97 952 175 1013 qui
195 966 288 998 tum
310 951 447 998 aedilis
469 948 636 996 curulis
660 959 752 993 erat
769 981 783 1002 ,
804 947 850 991 P.
885 943 1128 991 Cornelius
1156 943 1383 990 Lentulus,

96 1024 308 1072 Comitiis
332 1035 573 1085 praetorum
594 1017 797 1082 perfectis
813 1053 827 1075 ‚
855 1013 1285 1063 senatusconsultum
1315 1013 1381 1060 fa·-

97 1097 217 1143 {ium
250 1095 336 1151 est,
369 1112 415 1141 ut
452 1097 507 1155 Q.
535 1096 686 1141 Fulvio
722 1107 840 1137 extra
877 1092 1060 1135 ordinem
1091 1090 1252 1134 urbana
1283 1106 1384 1147 pro-

97 1172 239 1217 vincia
267 1168 390 1231 effet:
422 1168 532 1228 ifilue
559 1165 835 1228 potg'ffi'mum,
869 1163 1107 1222 consulibus
1140 1161 1200 1206 ad
1231 1161 1380 1205 bellum

90 1243 313 1306 prqfec'fis,
352 1244 442 1289 urbi
462 1240 649 1305 praeeffit.
684 1241 832 1303 Aquae!
864 1252 1036 1299 magnae
1071 1233 1137 1280 bis
1165 1248 1221 1279 eo
1260 1248 1382 1278 anno

97 1315 309 1363 fuerunt:
343 1313 605 1375 Tiberisque
638 1328 771 1376 agros
807 1308 1065 1356 inundavit
1085 1323 1186 1353 curn
1220 1322 1382 1369 magna

97 1388 239 1470 strage
269 1388 521 1443 melorum,
551 1400 858 1449 pecorumque
889 1386 937 1429 &
962 1381 1201 1428 hominum
1229 1379 1385 1440 perni-

100 1460 184 1507 cie.
219 1459 398 1520 Quinto
430 1476 549 1507 anno
582 1457 759 1504 secundi
791 1453 951 1502 Punici
980 1453 1114 1510 belli,
1144 1454 1207 1512 Q.
1227 1451 1387 1498 Fabius

99 1533 327 1580 Maximus
346 1545 577 1597 quartum
600 1532 662 1576 M.
683 1538 721 1575 t
725 1527 899 1576 laudius
918 1525 1157 1573 Marcellus
1176 1525 1356 1571 tertium
1369 1558 1383 1581 ,

101 1606 382 1652 consulatum
418 1607 648 1661 ineuntes,
685 1603 783 1666 plus
817 1600 950 1648 solito
981 1610 1305 1646 converterant
1336 1597 1384 1645 in

98 1678 141 1724 se
162 1678 369 1726 vcivitatis
401 1679 590 1725 animos.
621 1676 774 1724 multis
806 1675 923 1722 enim
953 1672 1081 1719 armis
1103 1671 1189 1718 tale
1217 1670 1385 1718 consu-

98 1752 195 1798 lum
222 1770 302 1815 par
338 1770 431 1799 non
467 1753 629 1798 fuerat.-
654 1750 921 1797 Referebant
950 1747 1102 1802 senes,
1138 1745 1197 1792 fic
1234 1745 1385 1800 Maxi-

99 1841 222 1869 mum
252 1825 436 1871 Rullum
468 1843 571 1872 curn
598 1826 643 1871 F.
665 1822 814 1871 Decio
849 1822 903 1867 ad
929 1820 1094 1867 bellum
1125 1817 1352 1863 Gallicum
1370 1852 1385 1874 ‚

101 1895 161 1942 fic
184 1898 335 1959 postea
361 1898 583 1960 Papirium
609 1896 955 1957 Carviliumque
981 1889 1190 1938 adversus
1211 1888 1384 1934 Samni-

100 1979 191 2026 tes,
225 1971 538 2033 Bruttiosque,
569 1973 617 2017 δέ
641 1972 870 2016 Lucanum
903 1983 1002 2012 cum
1025 1962 1274 2010 Tarentino
1297 1977 1385 2022 po-

102 2040 256 2101 pulum
272 2077 285 2098 ‚
309 2042 512 2088 consules
538 2043 800 2089 declaratos.
825 2039 991 2087 Absens
1012 2035 1249 2083 Marcellus
1271 2051 1385 2080 con-

103 2111 169 2157 iul
196 2126 398 2172 creatus,
425 2132 526 2161 cum
549 2115 603 2160 ad
633 2115 879 2160 exercitum
915 2111 1045 2166 effet3
1067 2107 1269 2170 praesenti
1300 2109 1383 2153 Fa-

102 2184 181 2231 bio
196 2200 362 2251 ‚atque
386 2151 484 2249 ipso
506 2187 689 2234 comitia
709 2187 900 2232 habente
916 2221 931 2241 ,
951 2181 1204 2230 consulatus
1233 2178 1385 2227 conti-

102 2270 278 2307 nuatus.
325 2263 523 2323 Tempus
559 2277 610 2306 ac
643 2258 868 2306 ncceffitas
898 2256 1025 2313 belli,
1064 2271 1115 2302 ac
1149 2250 1395 2299 discrimen.

102 2332 283 2379 summae
309 2351 458 2380 rerum
481 2333 728 2390 faciebant,
751 2348 805 2377 ne
824 2330 924 2394 quis
957 2341 1030 2376 aut
1060 2328 1105 2373 in
1126 2326 1383 2388 exemplum

103 2406 383 2467 exquireret,
414 2420 491 2454 aut
515 2407 760 2469 suspectum
791 2402 1043 2468 cupiditatis
1065 2400 1241 2464 imperii
1271 2415 1384 2445 con-

103 2478 240 2526 sulem
273 2480 468 2528 haberet.
515 2481 625 2544 quin
659 2479 897 2527 laudabant
929 2477 1081 2538 potius
1111 2470 1383 2537 magnitudi-

298 2580 320 2593 4
